
@unpublished{Plato360BC-causality,
 Author="{Plato}",
 Title="Timaeus",
 year="360BC",
 note="URL:
\url{https://en.wikipedia.org/wiki/Timaeus_(dialogue)#/media/File:Plato_Timaeus.jpg}",
 lastchecked="December 1, 2023",
}

@unpublished{OleRoemer1671SpeedOfLight,
 Author="{Ole Roemer}",
 Title="Observations of the first {Jupiter} moon in {Paris}",
 year="1671",
 note="URL:
\url{https://en.wikipedia.org/wiki/File:Ole_R%C3%B8mer_-_Obser._Primi_Jovialium_Parisiis_-_pp1%2B4.jpg}",
 lastchecked="November 28, 2023",
}

@unpublished{JeanBaptistePerrin1923AtomSize,
 Author="{Jean Baptiste Perrin}",
 Title="Mouvement brownien et mol√©cules",
 year="1923",
 note="URL:
\url{https://images.cnrs.fr/video/2080}",
 lastchecked="November 28, 2023",
}

@article{WeinerHeisenberg1927Uncertain,
 author="W. Heisenberg",
 Title="{\"Uber} den anschaulichen {Inhalt} der quantentheoretischen
{Kinematik} und {Mechanik}",
 Year="1927",
 pages="172-198",
 volume="43",
 number="3-4",
 Journal="Zeitschrift {f\"ur} Physik",
 note="English translation in ``Quantum theory and measurement'' by Wheeler
and Zurek",
}

@article{ErwinSchroedinger1935Cat,
 author="E. {Schr\"odinger}",
 Title="Die {gegenw\"artige} {Situation} in der {Quantenmechanik}",
 Year="1935",
 Month="November",
 pages="807--812; 823--828; 844--849",
 volume="23",
 Journal="Naturwissenschaften",
}

@ARTICLE{1957PhRv..105.1413W,
 author = {{Wu}, C.~S. and {Ambler}, E. and {Hayward}, R.~W. and {Hoppes}, D.~D. and ,
 {Hudson}, R.~P.},
 title = "{Experimental Test of Parity Conservation in Beta Decay}",
 journal = {Physical Review},
 year = 1957,
 month = feb,
 volume = 105,
 pages = {1413-1415},
 doi = {10.1103/PhysRev.105.1413},
 adsurl = {http://adsabs.harvard.edu/abs/1957PhRv..105.1413W},
 adsnote = {Provided by the SAO/NASA Astrophysics Data System},
}

@phdthesis{JohnAmosBolesPhD,
 author="John Amos Boles",
 title="The logical design of the {NEBULA} computer",
 school="Oregon State University",
 year="1967",
}

@article{Gharachorloo:1990:MCE:325096.325102,
 author = {Gharachorloo, Kourosh and Lenoski, Daniel and Laudon, James and Gibbons, Phillip and Gupta, Anoop and Hennessy, John},
 title = {Memory Consistency and Event Ordering in Scalable Shared-memory Multiprocessors},
 journal = {SIGARCH Comput. Archit. News},
 issue_date = {June 1990},
 volume = {18},
 number = {2SI},
 month = may,
 year = {1990},
 issn = {0163-5964},
 pages = {15--26},
 numpages = {12},
 url = {http://doi.acm.org/10.1145/325096.325102},
 doi = {10.1145/325096.325102},
 acmid = {325102},
 publisher = {ACM},
 address = {New York, NY, USA},
}

@article{Miller94,
 author="Benjamin Miller",
 Title="Biometric Identification",
 Year="1994",
 Month="February",
 pages="22--31",
 Journal="IEEE Spectrum",
}

@Article{Alpern94,
 Author =  "Bowen Alpern and Larry Carter and Ephraim Feig and Ted Selker",
 Title = "The Uniform Memory Hierarchy Model of Computation",
 Journal = "Algorithmica",
 volume = "12",
 number = "2/3",
 pages = "72-109",
 Year = "1994",
 doi = "10.1007/BF01185206",
}

@Book{IEEE1596SCI91,
 Author="IEEE Standard Specification P1596",
 title="Scalable Coherent Interface, Logical Specification",
 Publisher="The Institute of Electrical and Electronics Engineers, Inc.",
 Month="October",
 Year="1991",
}

@conference{Torrellas92,
Author = "Josep Torrellas and Anoop Gupta and John Hennessy",
Title = "Characterizing the Caching and Synchronization Performance of a
Multiprocessor Operating System",
Booktitle = "ASPLOS V",
month="October",
year="1992",
}

@Book{Hennessy95a,
 author="John L. Hennessy and David A. Patterson",
 title="Computer Architecture: A Quantitative Approach",
 year="1995",
 publisher="Morgan Kaufman",
}

@Book{Hennessy2011,
 author="John L. Hennessy and David A. Patterson",
 title="Computer Architecture: A Quantitative Approach, Fifth Edition",
 year="2011",
 publisher="Morgan Kaufman",
}

@Book{Hennessy2017,
 author="John L. Hennessy and David A. Patterson",
 title="Computer Architecture: A Quantitative Approach, Sixth Edition",
 year="2017",
 publisher="Morgan Kaufman",
}

@Book{DavidECuller1999,
 author="David E. Culler and Jaswinder Pal Singh and Anoop Gupta",
 title="Parallel Computer Architecture: a Hardware/Software Approach",
 year="1999",
 publisher="Morgan Kaufman",
}

@book{AndrewChien2022ComputerArchitectureScientists,
  title={Computer Architecture for Scientists},
  author={Chien, A.A.},
  isbn={9781316518533},
  lccn={2021044767},
  url={https://books.google.com/books?id=QS2bzgEACAAJ},
  year={2022},
  publisher={Cambridge University Press},
  annotation={
Readers Digest version of Hennessey and Patterson for scientific
and technical workloads.
},
}


@unpublished{CSIRACMuseumVictoria,
 Author="{Museum Victoria Australia}",
 Title="{CSIRAC} Collection",
 year="2020?",
 note="URL:
\url{https://collections.museumsvictoria.com.au/articles/3145}",
 lastchecked="August 10, 2023",
}

@unpublished{CSIRACUniversityMelbourne,
 Author="{Department of Computing and Information Systems, University
of Melbourne}",
 Title="{CSIRAC}: Our first computer",
 year="2017?",
 note="\url{https://cis.unimelb.edu.au/about/csirac/}",
 lastchecked="August 10, 2023",
}

@unpublished{z80Wikipedia,
 Author="{Wikipedia}",
 Title="{Zilog Z80}",
 year="2008",
 note="Available:
\url{https://en.wikipedia.org/wiki/Z80}
[Viewed: December 7, 2008]",
}


@manual{AMDOpteron02,
 title="AMD x86-64 Architecture Programmer's Manual Volumes 1--5",
 organization="Advanced Micro Devices",
 year="2002",
 number="24592 rev. 3.07",
}

@manual{AMDOpteron:2:2007,
 title="AMD x86-64 Architecture Programmer's Manual Volume 2:
System Programming",
 organization="Advanced Micro Devices",
 year="2007",
 number="24593 rev. 3.13",
}

@unpublished{AMD2017OpenCL,
 Author="AMD",
 Title="{OpenCL\textsuperscript\texttrademark} Zone---Accelerate Your Applications",
 year="2017",
 month="January",
 note="\nolinkurl{http://developer.amd.com/tools-and-sdks/opencl-zone/} (Obsolete, see bibentry AMD2020ROCm)",
}

@unpublished{AMD2020ROCm,
 Author="AMD",
 Title="Professional Compute Products - {GPUOpen}",
 year="2020",
 month="March",
 note="\url{https://gpuopen.com/professional-compute/}",
}


@manual{ARMv8Litmus2009,
 title="ARM Barrier Litmus Tests and Cookbook",
 author="Richard Grisenthwaite",
 organization="ARM Limited",
 year="2009",
 number="PRD03-GENC-007826 1.0",
}

@manual{ARMv7A:2010,
 title="ARM Architecture Reference Manual: ARMv7-A and ARMv7-R Edition",
 organization="ARM Limited",
 year="2010",
 number="ARMDDI0406B_errata_2009_Q4 ID022510",
}

@unpublished{ARMLeif2011MemoryOrdering1,
 Author="ARM Leif",
 Title="Memory access ordering - an introduction",
 year="2011",
 month="March",
 url={http://blogs.arm.com/software-enablement/431-memory-access-ordering-an-introduction/},
}

@unpublished{ARMLeif2011MemoryOrdering2,
 Author="ARM Leif",
 Title="Memory access ordering part 2 - barriers and the {Linux} kernel",
 year="2011",
 month="April",
 url={http://blogs.arm.com/software-enablement/448-memory-access-ordering-part-2-barriers-and-the-linux-kernel/},
}

@unpublished{ARMLeif2011MemoryOrdering3,
 Author="ARM Leif",
 Title="Memory access ordering part 3 - memory access ordering in the ARM Architecture",
 year="2011",
 month="October",
 url={http://blogs.arm.com/software-enablement/594-memory-access-ordering-part-3-memory-access-ordering-in-the-arm-architecture/},
}

@manual{ARMv8A:2017,
 title="ARM Architecture Reference Manual ({ARMv8}, for {ARMv8-A} architecture profile)",
 organization="ARM Limited",
 year="2017",
 number="ARM DDI 0487B.a (ID033117)",
}

@unpublished{CoreTileExpress2012,
 Author="{ARM Ltd.}",
 Title="{CoreTile} {Express} {A15x2} {A7x3} Technical Reference Manual",
 year="2012",
 month="July",
 note="\url{http://www.arm.com/files/pdf/DDI0503B_v2p_ca15_a7_reference_manual.pdf}",
}

@unpublished{LucMaranget2017aarch64,
 Author="Luc Maraget",
 Title="AArch64 Model vs. Hardware",
 year="2017",
 month="May",
 note="\url{http://pauillac.inria.fr/~maranget/cats7/model-aarch64/specific.html}",
}


@manual{CDC3300arch70,
 title="3300 Computer System Reference Manual",
 organization="Control Data Corporation",
 year="1970",
 number="60157000",
}


@book{PDP12-1969,
 title="{PDP-12} User Handbook (Preliminary)",
 author="{Digital Equipment Corporation}",
 publisher="Digital Press",
 year="1969",
}

@unpublished{HewlettPackard05a,
 Author="{Hewlett Packard}",
 Title="{HP} {OpenVMS} Systems Documentation",
 year="2005",
 note="Archived at
\url{https://web.archive.org/web/20040907082451/http://h71000.www7.hp.com/doc/72final/4515/4515pro_contents.html}",
}

@book{ALPHA95,
 title="Alpha {AXP} Architecture",
 author="Richard L. Sites and Richard T. Witek",
 publisher="Digital Press",
 year="1995",
 edition="second",
}

@book{ALPHA2002,
 title="Alpha Architecture Reference Manual",
 author={Compaq Computer Corporation},
 publisher="Digital Press",
 year="2002",
 edition="fourth",
}

@unpublished{Compaq01,
 Author="{Compaq Computer Corporation}",
 Title="Shared Memory, Threads, Interprocess Communication",
 month="August",
 year="2001",
 note="Zipped archive: \path{wiz_2637.txt} in
\url{https://www.digiater.nl/openvms/freeware/v70/ask_the_wizard/wizard.zip}",
}

@unpublished{MichaelCree2010AlphaLinux,
 Author="Paul E. McKenney",
 Title="Re: memory barrier question",
 month="September",
 year="2010",
 day="22",
 note="Available:
\url{https://lore.kernel.org/lkml/20100922184144.GA11741@linux.vnet.ibm.com/}",
}

@unpublished{WilliamPugh2000Gharachorloo,
 Author="William Pugh",
 Title="Reordering on an {Alpha} processor",
 year="2000",
 note="Available:
\url{https://www.cs.umd.edu/~pugh/java/memoryModel/AlphaReordering.html}
[Viewed: June 23, 2004]",
}


@book{GerryKane96a,
 title="{PA-RISC} 2.0 Architecture",
 author="Gerry Kane",
 publisher="Hewlett-Packard Professional Books",
 year="1996",
}


@techreport{JFennel1973SMT,
 author="J. Fennel",
 title="Instruction selection in a two-program counter instruction unit",
 institution="Assigned to International Business Machines Corp",
 address="Washington, DC",
 year="1973",
 number="US Patent 3,728,692",
 month="April",
 pages="10",
 url="https://patents.google.com/patent/US3728692A/en",
}

@article{Stone:1995:SP:623262.623912,
 author = {Stone, Janice M. and Fitzgerald, Robert P.},
 title = {Storage in the {PowerPC}},
 journal = {IEEE Micro},
 issue_date = {April 1995},
 volume = {15},
 number = {2},
 month = apr,
 year = {1995},
 issn = {0272-1732},
 pages = {50--58},
 numpages = {9},
 url = {http://dx.doi.org/10.1109/40.372352},
 doi = {10.1109/40.372352},
 acmid = {623912},
 publisher = {IEEE Computer Society Press},
 address = {Los Alamitos, CA, USA},
 keywords = {PowerPC, storage, microprocessor latency},
}

@unpublished{MichaelLyons05a,
 Author="Michael Lyons and Bill Hay and Brad Frey",
 Title="{PowerPC} Storage Model and {AIX} Programming",
 month="November",
 year="2005",
 day="16",
 note="\nolinkurl{http://www.ibm.com/developerworks/systems/articles/powerpc.html} [broken, August 2023]",
}

@unpublished{IBMzSeries04a,
 Author="{International Business Machines Corporation}",
 Title="{z/Architecture} Principles of Operation",
 month="May",
 year="2004",
 note="Available:
\url{http://publibz.boulder.ibm.com/epubs/pdf/dz9zr003.pdf}
[Viewed: February 16, 2005]",
}

@manual{PowerPC94,
 title="PowerPC Microprocessor Family: The Programming Environments",
 organization="{IBM Microelectronics and Motorola}",
 year="1994",
 number="MPRPPCFPE-01 and MPCFPE/AD",
}

@article{MichaelGschwind2006CellProcessor,
 author={M. {Gschwind} and H. P. {Hofstee} and B. {Flachs} and M. {Hopkins} and Y. {Watanabe} and T. {Yamazaki}},
 journal={IEEE Micro},
 title={Synergistic Processing in {Cell's} Multicore Architecture},
 year={2006},
 volume={26},
 number={2},
 pages={10-24},
 doi={10.1109/MM.2006.41},
}

@unpublished{PaulEMcKenneyN2745r2009,
 author="Paul E. McKenney and Raul Silvera",
 title="Example {POWER} Implementation for {C/C++} Memory Model",
 month="February",
 year="2009",
 note="Available:
\url{http://www.rdrop.com/users/paulmck/scalability/paper/N2745r.2009.02.27a.html}
[Viewed: April 5, 2009]",
}

@manual{PowerISA2.07-2013,
 title="Power {ISA} Version 2.07",
 organization="{International Business Machines Corporation}",
 year="2013",
 number="Power ISA 2.07",
}

@manual{PowerISA3.1-2020,
 title="Power {ISA}\textsuperscript\texttrademark Version 3.1",
 organization="{International Business Machines Corporation}",
 year="2020",
 number="Power ISA 3.1",
}


@manual{Intel80486,
 title="i486 Microprocessor Programmer's Reference Manual",
 organization="Intel Corporation",
 year="1990",
 number="240486-001",
}

@manual{IntelPentiumProV2-96a,
 title="Pentium Pro Family Developer's Manual Volume 2:
Programmer's Reference Manual",
 organization="Intel Corporation",
 year="1996",
 month="January",
 number="242691",
}

@manual{IntelPentiumProV3-96a,
 title="Pentium Pro Family Developer's Manual Volume 3:
Operating System Writer's Guide",
 organization="Intel Corporation",
 year="1996",
 month="January",
 number="242692",
}

@manual{IntelXeonV1-96a,
 title="IA-32 Intel Architecture Software Developer's Manual Volume 1:
Basic Architecture",
 organization="{Intel Corporation}",
 year="2004",
 number="253665",
}

@manual{IntelXeonV2a-96a,
 title="IA-32 Intel Architecture Software Developer's Manual Volume 2A:
Instruction Set Reference, A-M",
 organization="{Intel Corporation}",
 year="2004",
 number="253666",
}

@manual{IntelXeonV2b-96a,
 title="IA-32 Intel Architecture Software Developer's Manual Volume 2B:
Instruction Set Reference, N-Z",
 organization="{Intel Corporation}",
 year="2004",
 number="253667",
}

@manual{IntelXeonV3-96a,
 title="IA-32 Intel Architecture Software Developer's Manual Volume 3:
System Programming Guide",
 organization="{Intel Corporation}",
 year="2004",
 number="253668",
}

@manual{IntelItanium02v3,
 title="Intel Itanium Architecture Software Developer's Manual
Volume 3: Instruction Set Reference",
 organization="{Intel Corporation}",
 year="2002",
 number="245319",
}

@manual{IntelItanium02v2,
 title="Intel Itanium Architecture Software Developer's Manual
Volume 2: System Architecture",
 organization="{Intel Corporation}",
 year="2002",
 number="245318",
}

@manual{IntelItaniumMemoryOrdering2002,
 title="A Formal Specification of Intel Itanium Processor Family Memory
Ordering",
 organization="{Intel Corporation}",
 year="2002",
 number="251429-001",
}

@manual{IntelItanium10v3,
 title="Intel Itanium Architecture Software Developer's Manual
Volume 3: Instruction Set Reference",
 organization="{Intel Corporation}",
 year="2010",
 number="323207",
 url="https://www.intel.com/content/dam/www/public/us/en/documents/manuals/itanium-architecture-vol-3-manual.pdf",
 lastchecked="February 14, 2021",
}

@manual{IntelItanium10v2,
 title="Intel Itanium Architecture Software Developer's Manual
Volume 2: System Architecture",
 organization="{Intel Corporation}",
 year="2010",
 number="245318",
 url="https://www.intel.com/content/dam/www/public/us/en/documents/manuals/itanium-architecture-software-developer-rev-2-3-vol-2-manual.pdf",
 lastchecked="February 14, 2021",
}

@manual{MIPSvII-A-2015,
 title="MIPS\textregistered Architecture For Programmers
Volume II-A: The MIPS64\textregistered Instruction
Set Reference Manual",
 organization="{Imagination Technologies, LTD.}",
 year="2015",
 number="MD00087 Rev. 6.04",
 note={URL: \nolinkurl{https://imgtec.com/?do-download=4302} [broken, January 2021]},
}

@manual{MIPSvII-A-2016,
 title="{MIPS}\textregistered Architecture For Programmers
Volume II-A: The {MIPS64}\textregistered Instruction
Set Reference Manual",
 organization="{Wave Computing, Inc.}",
 year="2016",
 number="MD00087 Rev. 6.06",
 note={URL: \url{https://s3-eu-west-1.amazonaws.com/downloads-mips/documents/MD00087-2B-MIPS64BIS-AFP-6.06.pdf}},
 lastchecked="August 10, 2023",
}

@manual{MIPSvII-A-2017,
 title="{MIPS}\textregistered Architecture For Programmers
Volume II-A: The {MIPS64}\textregistered Instruction
Set Reference Manual",
 organization="{Imagination Technologies, LTD.}",
 year="2017",
 number="MD00087 Rev. 6.05",
 note={URL: \nolinkurl{https://imgtec.com/?do-download=4302} [broken, January 2021]},
}

@unpublished{LinusTorvalds2006LockingPatchQuality,
 author="Linux Torvalds",
 title="Open Forum on OS Architecture for Multicore and Manycore Platforms",
 day="9",
 month="November",
 year="2006",
 note="Panel Discussion, hosted by Intel Research Council Scalable Systems Committee",
}

@manual{Intelx86MemoryOrdering2007,
 title="Intel 64 Architecture Memory Ordering White Paper",
 organization="{Intel Corporation}",
 year="2007",
 number="318147-001",
}

@manual{Intel64IA32v3A2009,
 title="Intel 64 and IA-32 Architectures Software Developer's Manual,
Volume 3A: System Programming Guide, Part 1",
 organization="{Intel Corporation}",
 year="2009",
 number="253668-030US",
}

@manual{Intel64IA32v3A2011,
 title="Intel 64 and IA-32 Architectures Software Developer's Manual,
Volume 3A: System Programming Guide, Part 1",
 organization="{Intel Corporation}",
 year="2011",
 number="253668-037US",
 note="Available:
\url{http://www.intel.com/Assets/PDF/manual/253668.pdf}
[Viewed: February 12, 2011]",
}

@manual{Intel64IA32v3A2016,
 title="Intel 64 and IA-32 Architectures Software Developer's Manual,
Volume 3A: System Programming Guide, Part 1",
 organization="{Intel Corporation}",
 year="2016",
 number="253668-060US",
}

@unpublished{RaviRajwar2012TSX,
 author="Ravi Rajwar and Martin Dixon",
 title="Intel Transactional Synchronization Extensions",
 month="September",
 year="2012",
 note="Intel Developer Forum (IDF) 2012 ARCS004",
}

@unpublished{KelliNguyen2020AppleDropsIntel,
 author="Kelli Nguyen",
 title="Apple to the core: {Intel} alliance ends",
 month="June",
 year="2020",
 note="\url{https://www.linkedin.com/news/story/apple-to-the-core-intel-alliance-ends-4888716/}",
}

@unpublished{IanCutress2021IntelIDM2strategy,
 author="Ian Cutress",
 title="Intel's New {IDM} 2.0 Strategy: \$20b for Two Fabs, {Meteor Lake} 7nm Tiles, New Foundry Services, {IBM} Collaboration, Return of {IDF}",
 month="March",
 year="2021",
 day="23",
 note="\url{https://www.anandtech.com/show/16573/intels-new-strategy-20b-for-two-fabs-meteor-lake-7nm-tiles-new-foundry-services-ibm-collaboration-return-of-idf}",
}


@unpublished{CyrilZeller2011GPGPUbasics,
 Author="Cyril Zeller",
 Title="{CUDA} {C/C++} Basics: {Supercomputing} 2011 Tutorial",
 year="2011",
 month="November",
 note="\url{https://www.nvidia.com/docs/IO/116711/sc11-cuda-c-basics.pdf}",
}

@unpublished{NVidia2017GPGPU,
 Author="NVidia",
 Title="Accelerated Computing --- Training",
 year="2017",
 month="January",
 note="\url{https://developer.nvidia.com/accelerated-computing-training}",
}

@unpublished{NVidia2017GPGPU-university,
 Author="NVidia",
 Title="Existing University Courses",
 year="2017",
 month="January",
 note="\url{https://developer.nvidia.com/educators/existing-courses}",
}


@article{Thakkar1988a,
 author="Shreekant Thakkar and Paul Gifford and Gary Fielland",
 title="The {Balance} Multiprocessor System",
 Year="1988",
 journal="IEEE Micro",
 volume="8",
 number="1",
 month="February",
 pages="57-69",
}

@manual{SymmetryArch90,
 title="Symmetry Multiprocessing Architecture Overview",
 organization="Sequent Computer Systems, Inc.",
 year="1990",
 number="1003-50113-00",
}


@manual{SPARC94,
 title="The {SPARC} Architecture Manual",
 organization="SPARC International",
 year="1994",
 number="ISBN 0-13-099227-5",
 note="Available: \url{https://sparc.org/wp-content/uploads/2014/01/SPARCV9.pdf.gz}",
 lastchecked="March 1, 2021",
}


@article{Veen86,
 author="Arthur H. Veen",
 title="Dataflow Machine Architecture",
 Year="1986",
 journal="ACM Computing Surveys:",
}


@article{Lilja93,
 author="David J. Lilja",
 Title="Cache Coherence in Large-Scale Shared-Memory Multiprocessors:
Issues and Comparisons",
 Year="1993",
 Month="September",
 pages="303-338",
 Journal="ACM Computing Surveys",
}

@techreport{Gharachorloo95,
 author="Kourosh Gharachorloo",
 title="Memory Consistency Models for Shared-Memory Multiprocessors",
 institution="Computer Systems Laboratory,
Departments of Electrical Engineering and Computer Science,
Stanford University",
 address="Stanford, CA",
 year="1995",
 month="December",
 number="CSL-TR-95-685",
 note="Available:
\url{https://www.hpl.hp.com/techreports/Compaq-DEC/WRL-95-9.pdf}
[Viewed: October 11, 2004]",
}

@unpublished{GilNeiger2000a,
 author="Gil Neiger",
 title="A Taxonomy of Multiprocessor Memory-Ordering Models",
 month="October",
 year="2000",
 note="Available:
\url{http://www.cs.utah.edu/mpv/papers/neiger/fmcad2001.pdf}
[Viewed: September 18, 2007]",
}

@article{RobertCSteinke2004,
 author = {Robert C. Steinke and Gary J. Nutt},
 title = {A unified theory of shared memory consistency},
 journal = {J. ACM},
 volume = {51},
 number = {5},
 year = {2004},
 issn = {0004-5411},
 pages = {800--849},
 doi = {10.1145/1017460.1017464},
 note="Available:
\url{http://arxiv.org/PS_cache/cs/pdf/0208/0208027.pdf}
[Viewed: October 19, 2006]",
 publisher = {ACM Press},
 address = {New York, NY, USA},
}


@article{GordonMoore1965MooresLaw,
 author = {Moore, Gordon E.},
 title = {Cramming More Components onto Integrated Circuits},
 year = {1965},
 month = "April",
 day = "19",
 volume = "38",
 number = "8",
 journal="Electronics",
 institution = {IEEE},
 address = {New York, NY, USA},
 pages = {114‚Äì117},
 numpages = {4},
}

@article{HISmith90,
 author="Henry I. Smith and Dmitri A. Antoniadis",
 title="Seeking a Radically New Electronics",
 Year="1990",
 Month="April",
 institution="Massachusetts Institute of Technology",
 journal="Technology Review",
 volume="93",
 number="3",
 pages="26-40",
}

@phdthesis{Hagersten92,
 author="Erik Hagersten",
 title="Toward Scalable Cache Only Memory Architectures",
 school="Royal Institute of Technology",
 year="1992",
 address="Stockholm, Sweden",
 month=October,
}

@article{Hennessy91,
 author="John L. Hennessy and Norman P. Jouppi",
 Title="Computer Technology and Architecture: An Evolving Interaction",
 Year="1991",
 Month="September",
 pages="18-28",
 Journal="IEEE Computer",
}

@article{Stone91,
 author="Harold S. Stone and John Cocke",
 Title="Computer Architecture in the 1990s",
 Year="1991",
 Month="September",
 pages="30-38",
 Journal="IEEE Computer",
}

@article{Prince94,
 author="Betty Prince",
 Title="Memory in the Fast Lane",
 Year="1994",
 Month="February",
 pages="38--41",
 Journal="IEEE Spectrum",
}

@conference{Burger96,
 author="Doug Burger and James R. Goodman and Alain Kagi",
 title="Memory bandwidth limitations of future microprocessors",
 year="1996",
 month="May",
 booktitle="The 23\textsuperscript{rd} Annual International Symposium
on Computer Architecture",
 address = "New York, NY",
 pages="78-89",
}

@unpublished{JimGray2002SmokingHairyGolfBalls,
 author="Jim Gray",
 title="Super-Servers: Commodity Computer Clusters Pose a Software Challenge",
 day="27",
 month="April",
 year="2002",
 note="Available:
\url{http://research.microsoft.com/en-us/um/people/gray/papers/superservers(4t_computers).doc}
[Viewed: June 23, 2004]",
}

@inproceedings{GordonMoore03a,
 author="Gordon Moore",
 title="No Exponential is Forever--But we can Delay Forever",
 booktitle="IBM Academy of Technology 2003 Annual Meeting",
 year="2003",
 month="October",
 address="San Francisco, CA",
}

@unpublished{Gelsinger04a,
 author="Patrick Gelsinger",
 title="Intel Development Forum Keynote",
 month="February",
 year="2004",
 note="Available:
\url{http://www.intel.com/pressroom/archive/speeches/gelsinger20040219.htm}
[Viewed: June 23, 2004]",
}

@unpublished{BryanGardiner2007,
 author="Bryan Gardiner",
 title="{IDF}: {Gordon} {Moore} Predicts End of {Moore's} Law (Again)",
 month="September",
 year="2007",
 note="Available:
\url{https://www.wired.com/2007/09/idf-gordon-mo-1/}
[Viewed: February 27, 2021]",
}

@article{JohnKnickerbocker2008:3DI,
 author="John U. Knickerbocker",
 title="{3D} Chip Technology",
 journal="IBM Journal of Research and Development",
 Publisher="IBM",
 Month="November",
 Year="2008",
 Volume="52",
 Number="6",
 note="URL:
\nolinkurl{http://www.research.ibm.com/journal/rd52-6.html}
[Link to each article is broken as of November 2016; Available via
\url{https://ieeexplore.ieee.org/xpl/tocresult.jsp?isnumber=5388557}]",
 lastchecked="November 13, 2016",
}

@article{JinWooHan2014VacuumGapTransistor,
 author="Jin-Woo Han and Meyya Mayyappan",
 Title="Introducing the Vacuum Transistor: A Device Made of Nothing",
 Year="2014",
 Month="June",
 pages="??--??",
 Journal="IEEE Spectrum",
}

@unpublished{MichaelJKelly2017DeviceLevel,
 Author="Michael J. Kelly",
 Title="How Might the Manufacturability of the Hardware at Device Level Impact on Exascale Computing?",
 year="2017",
 note="Keynote speech at Multicore World 2017, URL:
\url{https://openparallel.com/multicore-world-2017/program-2017/abstracts2017/}",
 lastchecked="November 14, 2016",
}


@article{Lenoski93,
 author="Daniel Lenoski and James Laudon and Truman Joe and David Nakahira and
Luis Stevens and Anoop Gupta and John Hennessy",
 title="The {DASH} Prototype: Logic Overhead and Performance",
 year="1993",
 month="January",
 journal="IEEE Transactions on Parallel and Distributed Systems",
 volume="4",
 number="1",
 pages="41-61",
}


@article{TrevorMudge2000Power,
 author="Trevor Mudge",
 title="{POWER}: A First-Class Architectural Design Constraint",
 Year="2001",
 journal="IEEE Computer",
 volume="34",
 number="4",
 month="April",
 pages="52-58",
 doi="10.1109/2.917539",
}


@unpublished{PeterSewell2010weakmemory,
 author="Peter Sewell",
 title="The Semantics of Multiprocessor Programs",
 note="Available:
\url{https://www.cl.cam.ac.uk/~pes20/weakmemory/}
[Viewed: June 7, 2010]",
}

@unpublished{PeterSewell2021weakmemory,
 author="Peter Sewell",
 title="Relaxed-Memory Concurrency",
 note="Available:
\url{https://www.cl.cam.ac.uk/~pes20/weakmemory/}
[Viewed: February 15, 2021]",
}

@inproceedings{SusmitSarkar2011CppPower,
 author="Susmit Sarkar and Peter Sewell and Jade Alglave and Luc Maranget and Derek Williams",
 title="Understanding {POWER} Multiprocessors",
 booktitle="Programming Language Design and Implementation (PLDI) 2011",
 year="2011",
 month="June",
 address="San Jose, CA, USA",
 url="https://www.cl.cam.ac.uk/~pes20/ppc-supplemental/pldi105-sarkar.pdf",
}

@inproceedings{SusmitSarkar2012CppPower,
 author="Susmit Sarkar and Kayvan Memarian and Scott Owens and Mark Batty and Peter Sewell and Luc Maranget and Jade Alglave and Derek Williams",
 title="Synchronizing {C/C++} and {POWER}",
 booktitle="Programming Language Design and Implementation (PLDI) 2012",
 year="2012",
 month="June",
 address="Beijing, China",
 url="https://www.cl.cam.ac.uk/~pes20/cppppc-supplemental/pldi010-sarkar.pdf",
}

@inproceedings{BChoi2011MemoryHierarchy,
 author="Byn Choi and Rakesh Komuravelli and Hyojin Sung and Robert Smolinski and Nima Honarmand and Sarita V. Adve and Vikram S. Adve and Nicholas P. Carter and Ching-Tsun Chou",
 title="{DeNovo}: Rethinking the memory hierarchy for disciplined parallelism",
 booktitle="Proceedings of the 20\textsuperscript{th} International Conference on Parallel Architectures and Compilation Techniques (Galveston Island, TX USA)",
 year="2011",
 month="October",
 day="10-14",
 publisher="IEEE Computer Society",
 address="Washington, DC USA",
 pages="155-166",
}

@inproceedings{JHoward2010,
 author="Jason Howard and Saurabh Dighe and Yatin Hoskote and Sriram Vanagal and David Finan and Gregory Ruhl and David Jenkins and Howard Wilson and Nitin Borkar and Gerhard Schrom and Fabrice Pailet and Shailendra Jain and Tiju Jacob and Satish Yada and Sraven Marella and Praveen Salihundam and Vasantha Erraguntly and Michael Konow and Michael Riepen and Guido Droege and Joerg Lindemann and Matthias Gries and Thomas Apel and Kersten Henriss and Tor Lund-Larsen and Sebastian Steibl and Shekhar Borkar and Vivek De and Rob Van Der Wijngaart and Timothy Mattson",
 title="A 48-Core {IA-32} message-passing processor with {DVFS} in 45nm {CMOS}",
 booktitle="Proceedings of the 2010 IEEE International Solid-State Circuits Conference Digest of Technical Papers",
 year="2010",
 month="February",
 day="7-11",
 publisher="IEEE",
 address="Washington, DC USA",
 pages="108-109",
}

@article{JHKelm2011AccMem,
 author="John H. Kelm and Daniel R. Johnson and William Tuohy and Steven S. Lumetta and Sanjay J. Patel",
 title="Cohesion: An adaptive hybrid memory model for accelerators",
 journal="IEEE Micro",
 year="2011",
 month="Jan./Feb.)",
 volume="31",
 number="1",
 pages="42-55",
}

@article{MiloMKMartin2012scale,
 author="Milo M. K. Martin and Mark D. Hill and Daniel J. Sorin",
 title="Why On-Chip Coherence Is Here to Stay",
 Year="2012",
 journal="Communications of the ACM",
 volume="55",
 number="7",
 month="July",
 pages="78-89",
 doi="10.1145/2209249.2209269",
}

@book{DanielJSorin2011MemModel,
 title="A Primer on Memory Consistency and Cache Coherence",
 author="Daniel J. Sorin and Mark D. Hill and David A. Wood",
 publisher="Morgan \& Claypool",
 year="2011",
 isbn="9781608455645",
 series="Synthesis Lectures on Computer Architecture",
 doi="10.2200/S00346ED1V01Y201104CAC016",
}

@book{VijayNagarajan2020MemModel,
 title="A Primer on Memory Consistency and Cache Coherence, Second Edition",
 author="Vijay Nagarajan and Daniel J. Sorin and Mark D. Hill and David A. Wood",
 publisher="Morgan \& Claypool",
 year="2020",
 isbn="9781681737119",
 series="Synthesis Lectures on Computer Architecture",
 doi="10.2200/S00962ED2V01Y201910CAC049",
}

@article{Kim:2014:FBM:2678373.2665726,
 author = {Kim, Yoongu and Daly, Ross and Kim, Jeremie and Fallin, Chris and Lee, Ji Hye and Lee, Donghyuk and Wilkerson, Chris and Lai, Konrad and Mutlu, Onur},
 title = {Flipping Bits in Memory Without Accessing Them: An Experimental Study of DRAM Disturbance Errors},
 journal = {SIGARCH Comput. Archit. News},
 issue_date = {June 2014},
 volume = {42},
 number = {3},
 month = jun,
 year = {2014},
 issn = {0163-5964},
 pages = {361--372},
 numpages = {12},
 url = {http://doi.acm.org/10.1145/2678373.2665726},
 doi = {10.1145/2678373.2665726},
 acmid = {2665726},
 publisher = {ACM},
 address = {New York, NY, USA},
}

@unpublished{PaulEMcKenney2016LinuxKernelMMIO,
 Author="Paul E. McKenney and Will Deacon and Luis R. Rodriguez",
 Title="Semantics of {MMIO} mapping attributes across architectures",
 month="August",
 day="24",
 year="2016",
 note="\url{https://lwn.net/Articles/698014/}",
}

@unpublished{VladKrasnov2017SIMDfreqscale,
 Author="Vlad Krasnov",
 Title="On the dangers of {Intel's} frequency scaling",
 month="November",
 day="10",
 year="2017",
 note="\url{https://blog.cloudflare.com/on-the-dangers-of-intels-frequency-scaling/}",
}

@unpublished{JannHorn2018MeltdownSpectre,
 Author="Jann Horn",
 Title="Reading privileged memory with a side-channel",
 month="January",
 day="3",
 year="2018",
 note="\url{https://googleprojectzero.blogspot.com/2018/01/reading-privileged-memory-with-side.html}",
}

@unpublished{DanielLemire2018SIMDfreqscale,
 Author="Daniel Lemire",
 Title="{AVX-512}: when and how to use these new instructions",
 month="September",
 day="7",
 year="2018",
 note="\url{https://lemire.me/blog/2018/09/07/avx-512-when-and-how-to-use-these-new-instructions/}",
}

@unpublished{TravisDowns2020SIMDfreqscale,
 Author="Travis Downs",
 Title="Gathering Intel on {Intel} {AVX-512} Transitions",
 month="January",
 day="17",
 year="2020",
 note="\url{https://travisdowns.github.io/blog/2020/01/17/avxfreq1.html}",
}


@unpublished{WilliamGWong2019CCIX-CXL,
 Author="William G. Wong",
 Title="VHS or Betamax‚Ä¶CCIX or CXL‚Ä¶So Many Choices",
 month="March",
 day="14",
 year="2019",
 note="\url{https://www.electronicdesign.com/industrial-automation/article/21807721/vhs-or-betamaxccix-or-cxlso-many-choices}",
}

@unpublished{CAPI2021website,
 Author="OpenCAPI Consortium",
 Title="{OpenCAPI}",
 month="March",
 day="1",
 year="2021",
 note="\url{https://opencapi.org/}",
}

@unpublished{CCIX2021website,
 Author="CCIX Consortium",
 Title="{CCIX}",
 month="March",
 day="1",
 year="2021",
 note="\url{https://www.ccixconsortium.com/}",
}

@unpublished{CXL2021website,
 Author="Compute Express Link",
 Title="{CXL}",
 month="March",
 day="1",
 year="2021",
 note="\url{https://www.computeexpresslink.org/}",
}

@unpublished{GenZ2021website,
 Author="Gen-Z Consortium",
 Title="{Gen-Z}",
 month="March",
 day="1",
 year="2021",
 note="\url{https://genzconsortium.org/}",
}

@unpublished{NVLINK2021website,
 Author="NVIDIA",
 Title="{NVLINK} and {NVSWITCH}",
 month="March",
 day="1",
 year="2021",
 note="\url{https://www.nvidia.com/en-us/data-center/nvlink/}",
}
}

@unpublished{KostyaSerebryany2021SiliFuzz,
 author="Kostya Serebryany and Maxim Lifatsev and Konstantin Shtoyk and Doug Kwan",
 title="{SiliFuzz}: Fuzzing {CPUs} by proxy",
 month="October",
 day="18",
 year="2021",
 note="\url{https://github.com/google/fuzzing/blob/master/docs/silifuzz.pdf}",
}

