

@unpublished{WikipediaLabyrinth,
 Author="Wikipedia",
 Title="Labyrinth",
 month="January",
 year="2012",
 day="21",
 note={\url{http://en.wikipedia.org/wiki/Labyrinth}},
}

@unpublished{AndrewAdamatzky2011SlimeMold,
 Author="Andrew Adamatzky",
 Title="Slime mould solves maze in one pass . . . assisted by
gradient of chemo-attractants",
 month="August",
 year="2011",
 day="26",
 note={\url{http://arxiv.org/abs/1108.4956}},
}

@unpublished{UMD:CMSC433maze,
 Author="{University of Maryland}",
 Title="Parallel Maze Solving",
 month="November",
 year="2010",
 day="4",
 note={URL: \nolinkurl{http://www.cs.umd.edu/class/fall2010/cmsc433/p3/}
[broken, February 2021]},
}

@unpublished{ETHZurich:FS2011maze,
 Author="{ETH Zurich}",
 Title="Parallel Solver for a Perfect Maze",
 month="March",
 year="2011",
 day="17",
 note="URL:
\nolinkurl{http://nativesystems.inf.ethz.ch/pub/Main/WebHomeLecturesParallelProgrammingExercises/pp2011hw04.pdf}
[broken, November 2016]",
}

@unpublished{MIT:TRMag:MemristorMazes,
 Author="{KFC}",
 Title="Memristor Processor Solves Mazes",
 month="March",
 year="2011",
 day="3",
 note="URL: \url{https://www.technologyreview.com/2011/03/03/196572/memristor-processor-solves-mazes/}",
 lastchecked="February 13, 2021",
}

@unpublished{ChristerEricson2008GPUMaze,
 Author="Christer Ericson",
 Title="Aiding pathfinding with cellular automata",
 month="June",
 year="2008",
 day="30",
 note={\url{http://realtimecollisiondetection.net/blog/?p=57}},
}

@article{RonFosner2010maze,
 author="Ron Fosner",
 title="Scalable Multithreaded Programming with Tasks",
 Year="2010",
 Month="November",
 journal="MSDN Magazine",
 volume="2010",
 number="11",
 pages="60-69",
 note={\url{http://msdn.microsoft.com/en-us/magazine/gg309176.aspx}},
}

@unpublished{RobertTMorris2012MazeAI,
 Author="Robert Morris",
 Title="Re: Humiliating parallelism",
 month="February",
 year="2012",
 day="1",
 note={Message-ID: <58028.1328116680@localhost>},
}
