
@inproceedings{PBGibbons1992SCisNP,
 author = {P.B. Gibbons and E. Korach},
 title = {The complexity of sequential consistency},
 booktitle = {Proceedings of the Fourth IEEE Symposium on Parallel and Distributed Processing},
 month = December,
 year = {1992},
 issn = {0001-0782},
 pages = {317--325},
 doi = {10.1109/SPDP.1992.242728},
 publisher = {IEEE},
}

@article{JeremyManson2005JavaMemoryModel,
 author = {Manson, Jeremy and Pugh, William and Adve, Sarita V.},
 title = {The {Java} memory model},
 year = {2005},
 issue_date = {January 2005},
 publisher = {Association for Computing Machinery},
 address = {New York, NY, USA},
 volume = {40},
 number = {1},
 issn = {0362-1340},
 url = {https://doi.org/10.1145/1047659.1040336},
 doi = {10.1145/1047659.1040336},
 journal = {SIGPLAN Not.},
 month = jan,
 pages = {378–391},
 numpages = {14},
 keywords = {Java, concurrency, memory model, multithreading}
}

@unpublished{RaulSilvera2007WeakMemoryModel,
 author="Ra\'ul Silvera and Michael Wong and Paul E. McKenney and Bob Blainey",
 title="N2153: A simple and efficient memory model for weakly-ordered architectures",
 month="January",
 day="12",
 year="2007",
 note="\url{http://www.open-std.org/jtc1/sc22/wg21/docs/papers/2007/n2153.pdf}",
}

@unpublished{PaulEMcKenney2010N3125,
 author="Paul E. McKenney and Mark Batty and Clark Nelson and Hans Boehm and Anthony Williams and Scott Owens and Susmit Sarkar and Peter Sewell and Tjark Weber and Michael Wong and Lawrence Crowl",
 title="N3125: Omnibus Memory Model and Atomics Paper",
 month="August",
 day="22",
 year="2010",
 note="\url{http://www.open-std.org/jtc1/sc22/wg21/docs/papers/2010/n3125.html}",
 lastchecked="December 16, 2017",
}

@unpublished{BenjaminHerrenschmidt2011:powerpc:atomic_return,
 Author="Benjamin Herrenschmidt",
 Title="powerpc: Fix atomic\_xxx\_return barrier semantics",
 month="November",
 day="16",
 year="2011",
 note="Git commit:
\url{https://git.kernel.org/linus/b97021f85517}",
 lastchecked="August 7, 2019",
}

@unpublished{Maranget2012TutorialARMPower,
 Author="Luc Maranget and Susmit Sarkar and Peter Sewell",
 Title="A Tutorial Introduction to the {ARM} and {POWER} Relaxed Memory Models",
 month="October",
 day="10",
 year="2012",
 note="\url{https://www.cl.cam.ac.uk/~pes20/ppc-supplemental/test7.pdf}",
}

@unpublished{PaulEMcKenney2011ppcmem,
 Author="Paul E. McKenney",
 Title="Validating Memory Barriers and Atomic Instructions",
 month="December",
 day="6",
 year="2011",
 note="\url{https://lwn.net/Articles/470681/}",
}

@unpublished{test6-pdf,
 Author="Susmit Sarkar and Peter Sewell and Jade Alglave and Luc Maranget
and Derek Williams",
 Title="{POWER} and {ARM} Litmus Tests",
 year="2011",
 note="\url{https://www.cl.cam.ac.uk/~pes20/ppc-supplemental/test6.pdf}",
}

@unpublished{JadeAlglave2011ppcmem,
 Author="Jade Alglave and Luc Maranget and Pankaj Pawan and Susmit Sarkar and Peter Sewell and Derek Williams and Francesco Zappa Nardelli",
 Title="{PPCMEM/ARMMEM}: A Tool for Exploring the {POWER} and {ARM} Memory Models",
 month="June",
 day="4",
 year="2011",
 note="\url{https://www.cl.cam.ac.uk/~pes20/ppc-supplemental/pldi105-sarkar.pdf}",
}

@inproceedings{Alglave:2013:SVW:2450268.2450306,
 author = {Alglave, Jade and Kroening, Daniel and Nimal, Vincent and Tautschnig, Michael},
 title = {Software verification for weak memory via program transformation},
 booktitle = {Proceedings of the 22nd European conference on Programming Languages and Systems},
 series = {ESOP'13},
 year = {2013},
 isbn = {978-3-642-37035-9},
 location = {Rome, Italy},
 pages = {512--532},
 numpages = {21},
 url = {http://dx.doi.org/10.1007/978-3-642-37036-6_28},
 doi = {10.1007/978-3-642-37036-6_28},
 acmid = {2450306},
 publisher = {Springer-Verlag},
 address = {Berlin, Heidelberg},
}

@inproceedings{JadeAlglave2013-WeaknessIsVirtue,
 AUTHOR={ Alglave, Jade },
 TITLE={ Weakness is a virtue },
 BOOKTITLE={ ({EC})\textsuperscript{2} 2013: 6\textsuperscript{th}
International Workshop on Exploiting Concurrency Efficiently and Correctly },
 YEAR={ 2013 },
 PAGES={3},
 URL={ http://www0.cs.ucl.ac.uk/staff/j.alglave/papers/ec213.pdf },
 LASTCHECKED={ November 12, 2016 },
}

@unpublished{MarkBatty2013OOTA-WorkingNote,
 Author="Mark Batty and Peter Sewell",
 Title="The Thin-air Problem",
 month="February",
 day="17",
 year="2014",
 note="\url{https://www.cl.cam.ac.uk/~pes20/cpp/notes42.html}",
}

@inproceedings{Alglave:2014:HCM:2594291.2594347,
 author = {Alglave, Jade and Maranget, Luc and Tautschnig, Michael},
 title = {Herding Cats: Modelling, Simulation, Testing, and Data-mining for Weak Memory},
 booktitle = {Proceedings of the 35th ACM SIGPLAN Conference on Programming Language Design and Implementation},
 series = {PLDI '14},
 year = {2014},
 isbn = {978-1-4503-2784-8},
 location = {Edinburgh, United Kingdom},
 pages = {40--40},
 numpages = {1},
 url = {http://doi.acm.org/10.1145/2594291.2594347},
 doi = {10.1145/2594291.2594347},
 acmid = {2594347},
 publisher = {ACM},
 address = {New York, NY, USA},
 keywords = {concurrency, verification, weak memory models},
}

@unpublished{AlanJeffrey2014JavaDRF,
 Author="Alan Jeffrey",
 Title="Jmm revision status",
 month="July",
 day="18",
 year="2014",
 note="\url{https://mail.openjdk.java.net/pipermail/jmm-dev/2014-July/000072.html}",
}

@unpublished{PaulEMcKenney2014weakaxiom,
 Author="Paul E. McKenney and Alan Stern",
 Title="Axiomatic validation of memory barriers and atomic instructions",
 month="August",
 day="19",
 year="2014",
 note="\url{https://lwn.net/Articles/608550/}",
}

@unpublished{PaulEMcKenney2014OOTA,
 author="Paul E. McKenney and Alan Jeffrey and Ali Sezgin",
 title="N4323: Out-of-Thin-Air Execution is Vacuous",
 month="November",
 day="20",
 year="2014",
 note="\url{https://www.open-std.org/jtc1/sc22/wg21/docs/papers/2014/n4323.html}",
}

@phdthesis{VincentNimalPhD,
 author="Vincent Nimal",
 title="Static analyses over weak memory",
 school="University of Oxford",
 year="2014",
}

@inproceedings{Boehm:2014:OGA:2618128.2618134,
 author = {Boehm, Hans-J. and Demsky, Brian},
 title = {Outlawing Ghosts: Avoiding Out-of-thin-air Results},
 booktitle = {Proceedings of the Workshop on Memory Systems Performance and Correctness},
 series = {MSPC '14},
 year = {2014},
 isbn = {978-1-4503-2917-0},
 location = {Edinburgh, United Kingdom},
 pages = {7:1--7:6},
 articleno = {7},
 numpages = {6},
 url = {http://doi.acm.org/10.1145/2618128.2618134},
 doi = {10.1145/2618128.2618134},
 acmid = {2618134},
 publisher = {ACM},
 address = {New York, NY, USA},
 keywords = {C++, Java, atomic operations, relaxed memory models},
}

@article{Vafeiadis:2015:CCO:2775051.2676995,
 author = {Vafeiadis, Viktor and Balabonski, Thibaut and Chakraborty, Soham and Morisset, Robin and Zappa Nardelli, Francesco},
 title = {Common Compiler Optimisations Are Invalid in the C11 Memory Model and What We Can Do About It},
 journal = {SIGPLAN Not.},
 issue_date = {January 2015},
 volume = {50},
 number = {1},
 month = jan,
 year = {2015},
 issn = {0362-1340},
 pages = {209--220},
 numpages = {12},
 url = {http://doi.acm.org/10.1145/2775051.2676995},
 doi = {10.1145/2775051.2676995},
 acmid = {2676995},
 publisher = {ACM},
 address = {New York, NY, USA},
 keywords = {c/c++, compilers, concurrency, program transformations, weak memory models},
}

@incollection{conf/esop/BattyMNPS15,
 abstract = {Despite decades of research, we do not have a satisfactory concurrency semantics for any general-purpose programming language that aims to support concurrent systems code. The Java Memory Model has been shown to be unsound with respect to standard compiler optimisations, while the C/C++11 model is too weak, admitting undesirable thin-air executions.},
 added-at = {2015-05-10T22:19:48.000+0200},
 author = {Batty, Mark and Memarian, Kayvan and Nienhuis, Kyndylan and Pichon-Pharabod, Jean and Sewell, Peter},
 biburl = {https://www.bibsonomy.org/bibtex/287a422b9265426c3f4b1b1f9b505a55d/gron},
 booktitle = {Programming Languages and Systems},
 description = {The Problem of Programming Language Concurrency Semantics - Springer},
 doi = {10.1007/978-3-662-46669-8_12},
 editor = {Vitek, Jan},
 interhash = {a6b676f010ab98e5d42c26a5f6eb3a88},
 intrahash = {87a422b9265426c3f4b1b1f9b505a55d},
 isbn = {978-3-662-46668-1},
 keywords = {Concurrency LowLevel MemoryModel Semantics},
 language = {English},
 pages = {283-307},
 publisher = {Springer Berlin Heidelberg},
 series = {Lecture Notes in Computer Science},
 timestamp = {2015-05-10T22:19:48.000+0200},
 title = {The Problem of Programming Language Concurrency Semantics},
 url = {http://dx.doi.org/10.1007/978-3-662-46669-8_12},
 volume = 9032,
 year = 2015,
}

@article{JeanPichonPharabod2016OOTA,
 author = {Pichon-Pharabod, Jean and Sewell, Peter},
 title = {A concurrency semantics for relaxed atomics that permits optimisation and avoids thin-air executions},
 year = {2016},
 issue_date = {January 2016},
 publisher = {Association for Computing Machinery},
 address = {New York, NY, USA},
 volume = {51},
 number = {1},
 issn = {0362-1340},
 url = {https://doi.org/10.1145/2914770.2837616},
 doi = {10.1145/2914770.2837616},
 journal = {SIGPLAN Not.},
 month = jan,
 pages = {622–633},
 numpages = {12},
 keywords = {Relaxed memory models, Concurrency, C/C++}
}

@unpublished{PaulEMcKenney2016P0124R2-LKMM,
 Author="Paul E. McKenney and Ulrich Weigand and Andrea Parri and Boqun Feng",
 Title="Linux-Kernel Memory Model",
 month="June",
 day="6",
 year="2016",
 note="\url{http://open-std.org/JTC1/SC22/WG21/docs/papers/2016/p0124r2.html}",
}

@unpublished{JonathanCorbet2016C11atomics,
 Author="Jonathan Corbet",
 Title="Time to move to {C11} atomics?",
 month="June",
 day="15",
 year="2016",
 note="\url{https://lwn.net/Articles/691128/}",
}

@unpublished{Paulmck2015:powerpc:value-returning-atomics,
 Author="Paul E. McKenney",
 Title="Re: [PATCH tip/locking/core v4 1/6] powerpc: atomic: Make *xchg and *cmpxchg a full barrier",
 month="October",
 day="14",
 year="2015",
 note="Email thread:
\url{https://lore.kernel.org/lkml/20151014201916.GB3910@linux.vnet.ibm.com/}",
 lastchecked="August 7, 2019",
}

@unpublished{BoqunFeng2015:powerpc:value-returning-atomics,
 Author="Boqun Feng",
 Title="powerpc: Make value-returning atomics fully ordered",
 month="November",
 day="2",
 year="2015",
 note="Git commit:
\url{https://git.kernel.org/linus/49e9cf3f0c04}",
 lastchecked="August 7, 2019",
}

@InProceedings{MarkBatty2015OOTAisHard,
 author="Batty, Mark and Memarian, Kayvan and Nienhuis, Kyndylan and Pichon-Pharabod, Jean and Sewell, Peter",
 editor="Vitek, Jan",
 title="The Problem of Programming Language Concurrency Semantics",
 booktitle="Programming Languages and Systems",
 year="2015",
 publisher="Springer Berlin Heidelberg",
 address="Berlin, Heidelberg",
 pages="283--307",
 isbn="978-3-662-46669-8"
}

@unpublished{PaulEMcKenney2016OOTA,
 author="Paul E. McKenney and Alan Jeffrey and Ali Sezgin and Tony Tye",
 title="P0422R0: Out-of-Thin-Air Execution is Vacuous",
 month="July",
 day="27",
 year="2016",
 note="\url{http://www.open-std.org/jtc1/sc22/wg21/docs/papers/2016/p0422r0.html}",
}

@techreport{Alglave2016catSyntaxSemantics,
 Author="Jade Alglave and Patrick Cousot and Luc Maranget",
 Title="Syntax and semantics of the weak consistency model specification language cat",
 month="August",
 day="26",
 year="2016",
 institution="Cornell University Library",
 note="\url{https://arxiv.org/pdf/1608.07531.pdf}",
}

@unpublished{JadeAlglave2017LWN-LKMM-1,
 author="Jade Alglave and Luc Maranget and Paul E. McKenney and Andrea Parri and Alan Stern",
 title="A formal kernel memory-ordering model (part 1)",
 month="April",
 day="14",
 year="2017",
 note="\url{https://lwn.net/Articles/718628/}",
}

@unpublished{JadeAlglave2017LWN-LKMM-2,
 author="Jade Alglave and Luc Maranget and Paul E. McKenney and Andrea Parri and Alan Stern",
 title="A formal kernel memory-ordering model (part 2)",
 month="April",
 day="20",
 year="2017",
 note="\url{https://lwn.net/Articles/720550/}",
}

@article{JeehoonKang2017PromisingSemantics,
 author = {Kang, Jeehoon and Hur, Chung-Kil and Lahav, Ori and Vafeiadis, Viktor and Dreyer, Derek},
 title = {A promising semantics for relaxed-memory concurrency},
 year = {2017},
 issue_date = {January 2017},
 publisher = {Association for Computing Machinery},
 address = {New York, NY, USA},
 volume = {52},
 number = {1},
 issn = {0362-1340},
 url = {https://doi.org/10.1145/3093333.3009850},
 doi = {10.1145/3093333.3009850},
 journal = {SIGPLAN Not.},
 month = jan,
 pages = {175–189},
 numpages = {15},
 keywords = {C++11, Weak memory models, operational semantics}
}

@unpublished{JadeAlglave2017LWN-LKMM-N,
 author="Jade Alglave and Luc Maranget and Paul E. McKenney and Andrea Parri and Alan Stern",
 title="A formal kernel memory-ordering model (supplementary material, updated)",
 month="January",
 day="21",
 year="2017",
 note="\url{https://mirrors.edge.kernel.org/pub/linux/kernel/people/paulmck/LWNLinuxMM/}",
}

@article{Flur:2017:MCA:3093333.3009839,
 author = {Flur, Shaked and Sarkar, Susmit and Pulte, Christopher and Nienhuis, Kyndylan and Maranget, Luc and Gray, Kathryn E. and Sezgin, Ali and Batty, Mark and Sewell, Peter},
 title = {Mixed-size Concurrency: {ARM}, {POWER}, {C/C++11}, and {SC}},
 journal = {SIGPLAN Not.},
 issue_date = {January 2017},
 volume = {52},
 number = {1},
 month = jan,
 year = {2017},
 issn = {0362-1340},
 pages = {429--442},
 numpages = {14},
 url = {http://doi.acm.org/10.1145/3093333.3009839},
 doi = {10.1145/3093333.3009839},
 acmid = {3009839},
 publisher = {ACM},
 address = {New York, NY, USA},
 keywords = {ISA, Relaxed Memory Models, mixed-size, semantics},
}

@inproceedings{Lahav:2017:RSC:3062341.3062352,
 author = {Lahav, Ori and Vafeiadis, Viktor and Kang, Jeehoon and Hur, Chung-Kil and Dreyer, Derek},
 title = {Repairing Sequential Consistency in {C}/{C}++11},
 booktitle = {Proceedings of the 38th ACM SIGPLAN Conference on Programming Language Design and Implementation},
 series = {PLDI 2017},
 year = {2017},
 isbn = {978-1-4503-4988-8},
 location = {Barcelona, Spain},
 pages = {618--632},
 numpages = {15},
 url = {http://doi.acm.org/10.1145/3062341.3062352},
 doi = {10.1145/3062341.3062352},
 acmid = {3062352},
 publisher = {ACM},
 address = {New York, NY, USA},
 keywords = {C++11, Weak memory models, declarative semantics, sequential consistency},
}

@article{Lahav:2017:RSC:3140587.3062352,
 author = {Lahav, Ori and Vafeiadis, Viktor and Kang, Jeehoon and Hur, Chung-Kil and Dreyer, Derek},
 title = {Repairing Sequential Consistency in {C}/{C++11}},
 journal = {SIGPLAN Not.},
 issue_date = {June 2017},
 volume = {52},
 number = {6},
 month = jun,
 year = {2017},
 issn = {0362-1340},
 pages = {618--632},
 numpages = {15},
 url = {http://doi.acm.org/10.1145/3140587.3062352},
 doi = {10.1145/3140587.3062352},
 acmid = {3062352},
 publisher = {ACM},
 address = {New York, NY, USA},
 keywords = {C++11, Weak memory models, declarative semantics, sequential consistency},
}

@unpublished{OlivierGiroux2017-P0668R1,
 author="Hans-J. Boehm and Olivier Giroux and Viktor Vafeiades",
 title="P0668R1: Revising the {C++} memory model",
 month="July",
 day="30",
 year="2017",
 note={\url{http://www.open-std.org/jtc1/sc22/wg21/docs/papers/2017/p0668r1.html}},
 lastchecked="February 9, 2018",
}

@unpublished{Tsirkin2017,
 Author="Michael S. Tsirkin",
 Title="locking/x86: Use {LOCK ADD} for smp\_mb() instead of {MFENCE}",
 month="October",
 day="27",
 year="2017",
 note="Git commit:
\url{https://git.kernel.org/linus/450cbdd0125c}",
}

@article{Pulte:2017:SAC:3177123.3158107,
 author = {Pulte, Christopher and Flur, Shaked and Deacon, Will and French, Jon and Sarkar, Susmit and Sewell, Peter},
 title = {Simplifying ARM Concurrency: Multicopy-atomic Axiomatic and Operational Models for ARMv8},
 journal = {Proc. ACM Program. Lang.},
 issue_date = {January 2018},
 volume = {2},
 number = {POPL},
 month = dec,
 year = {2017},
 issn = {2475-1421},
 pages = {19:1--19:29},
 articleno = {19},
 numpages = {29},
 url = {http://doi.acm.org/10.1145/3158107},
 doi = {10.1145/3158107},
 acmid = {3158107},
 publisher = {ACM},
 address = {New York, NY, USA},
 keywords = {Axiomatic, Operational, Relaxed Memory Models, Semantics},
}

@inproceedings{Alglave:2018:FSC:3173162.3177156,
 author = {Alglave, Jade and Maranget, Luc and McKenney, Paul E. and Parri, Andrea and Stern, Alan},
 title = {Frightening Small Children and Disconcerting Grown-ups: Concurrency in the {Linux} Kernel},
 booktitle = {Proceedings of the Twenty-Third International Conference on Architectural Support for Programming Languages and Operating Systems},
 series = {ASPLOS '18},
 year = {2018},
 isbn = {978-1-4503-4911-6},
 location = {Williamsburg, VA, USA},
 pages = {405--418},
 numpages = {14},
 url = {http://doi.acm.org/10.1145/3173162.3177156},
 doi = {10.1145/3173162.3177156},
 acmid = {3177156},
 publisher = {ACM},
 address = {New York, NY, USA},
 keywords = {formal models, linux, memory model, shared memory parallelism},
}

@unpublished{PaulEMcKenney2016P0124R5-LKMM,
 Author="Paul E. McKenney and Ulrich Weigand and Andrea Parri and Boqun Feng",
 Title="Linux-Kernel Memory Model",
 month="April",
 day="6",
 year="2018",
 note="\url{http://www.open-std.org/jtc1/sc22/wg21/docs/papers/2018/p0124r5.html}",
}

@inproceedings{Sinclair:2017:CAR:3079856.3080206,
 author = {Sinclair, Matthew D. and Alsop, Johnathan and Adve, Sarita V.},
 title = {Chasing Away {RAts}: Semantics and Evaluation for Relaxed Atomics on Heterogeneous Systems},
 booktitle = {Proceedings of the 44th Annual International Symposium on Computer Architecture},
 series = {ISCA '17},
 year = {2017},
 isbn = {978-1-4503-4892-8},
 location = {Toronto, ON, Canada},
 pages = {161--174},
 numpages = {14},
 url = {http://doi.acm.org/10.1145/3079856.3080206},
 doi = {10.1145/3079856.3080206},
 acmid = {3080206},
 publisher = {ACM},
 address = {New York, NY, USA},
 keywords = {GPGPU, data-race-free models, memory consistency, relaxed atomics},
}

@unpublished{LucMaranget2018lock.cat,
 author="Luc Maranget and Alan Stern",
 title="lock.cat",
 month="May",
 day="14",
 year="2018",
 note="\url{https://github.com/torvalds/linux/blob/master/tools/memory-model/lock.cat}",
}

@unpublished{PaulEMcKenney2016P0124R6-LKMM,
 Author="Paul E. McKenney and Ulrich Weigand and Andrea Parri and Boqun Feng",
 Title="Linux-Kernel Memory Model",
 month="September",
 day="27",
 year="2018",
 note="\url{http://www.open-std.org/jtc1/sc22/wg21/docs/papers/2018/p0124r6.html}",
}

@unpublished{DanielLustig2018PlacedBefore,
 Author="Daniel Lustig",
 Title="P1239R0: Placed Before",
 month="October",
 day="7",
 year="2018",
 note="\url{https://www.open-std.org/jtc1/sc22/wg21/docs/papers/2018/p1239r0.html}",
}

@article{PiezhaoOu2018OOTApapl,
 author = {Ou, Peizhao and Demsky, Brian},
 title = {Towards understanding the costs of avoiding out-of-thin-air results},
 year = {2018},
 issue_date = {November 2018},
 publisher = {Association for Computing Machinery},
 address = {New York, NY, USA},
 volume = {2},
 number = {OOPSLA},
 url = {https://doi.org/10.1145/3276506},
 doi = {10.1145/3276506},
 journal = {Proc. ACM Program. Lang.},
 month = Oct,
 articleno = {136},
 numpages = {29},
 keywords = {compilers, concurrency, memory models}
}

@article{MikeDodds2018OptRelaxMem,
 author = {Mike Dodds and Mark Batty and Alexey Gotsman},
 title = {Compositional Verification of Compiler Optimisations on Relaxed Memory},
 year = {2018},
 publisher = {Springer},
 address = {New York, NY, USA},
 number = {ESOP 18},
 volume = {10801},
 journal = {Lecture Notes in Computer Science},
 pages = {1027-1055},
}

@article{SohamChakraborty2019OOTAeventStructure,
 author = {Chakraborty, Soham and Vafeiadis, Viktor},
 title = {Grounding thin-air reads with event structures},
 year = {2019},
 issue_date = {January 2019},
 publisher = {Association for Computing Machinery},
 address = {New York, NY, USA},
 volume = {3},
 number = {POPL},
 url = {https://doi.org/10.1145/3290383},
 doi = {10.1145/3290383},
 journal = {Proc. ACM Program. Lang.},
 month = jan,
 articleno = {70},
 numpages = {28},
 keywords = {C/C++11, Weak memory consistency, concurrency, promising semantics}
}

@unpublished{MarkBatty2019ModularRelaxedDependenciesOOTA,
 Author="Mark Batty and Simon Cooksey and Scott Owens and Anouk Paradis and Marco Paviotti and Daniel Wright",
 Title="{D1780R0}: Modular Relaxed Dependencies: A new approach to the Out-Of-Thin-Air Problem",
 month="June",
 day="14",
 year="2019",
 note="\url{http://www.open-std.org/jtc1/sc22/wg21/docs/papers/2019/p1780r0.html}",
}

@unpublished{HansBoehm2019OOTArevisitedAgain,
 Author="Hans-J. Boehm",
 Title="{P1217R2}: Out-of-thin-air, revisited, again",
 month="June",
 day="16",
 year="2019",
 note="\url{http://www.open-std.org/jtc1/sc22/wg21/docs/papers/2019/p1217r2.html}",
}

@unpublished{WillDeacon2019StoreTearingReport,
 Author="Will Deacon",
 Title="{Re: [PATCH 1/1] Fix: trace sched switch start/stop racy updates}",
 month="August",
 day="21",
 year="2019",
 note="\url{https://lore.kernel.org/lkml/20190821103200.kpufwtviqhpbuv2n@willie-the-truck/}",
}

@unpublished{JadeAlglave2019WhoAfraidCompiler,
 author="Jade Alglave and Will Deacon and Boqun Feng and David Howells and Daniel Lustig and Luc Maranget and Paul E. McKenney and Andrea Parri and Nicholas Piggin and Alan Stern and Akira Yokosawa and Peter Zijlstra",
 title="Who's afraid of a big bad optimizing compiler?",
 month="July",
 day="15",
 year="2019",
 url={https://lwn.net/Articles/793253/},
 note="Linux Weekly News",
}

@unpublished{JadeAlglave2019CalibrateFearCompiler,
 author="Jade Alglave and Will Deacon and Boqun Feng and David Howells and Daniel Lustig and Luc Maranget and Paul E. McKenney and Andrea Parri and Nicholas Piggin and Alan Stern and Akira Yokosawa and Peter Zijlstra",
 title="Calibrating your fear of big bad optimizing compilers",
 month="October",
 day="11",
 year="2019",
 url={https://lwn.net/Articles/799218/},
 note="Linux Weekly News",
}

@unpublished{DavidGoldblatt2019NoElegantOOTAfix,
 author="David Goldblatt",
 title="There might not be an elegant {OOTA} fix",
 month="October",
 day="7",
 year="2019",
 note="\url{http://www.open-std.org/jtc1/sc22/wg21/docs/papers/2019/p1916r0.pdf}",
}

@unpublished{PaulEMcKenney2020RelaxedGuideRelaxed,
 Author="Paul E. McKenney and Hans Boehm",
 Title="{P2055R0}: A Relaxed Guide to memory\_order\_relaxed",
 month="January",
 day="12",
 year="2020",
 note="\url{http://www.open-std.org/jtc1/sc22/wg21/docs/papers/2020/p2055r0.pdf}",
}

@unpublished{MarcoElver2020FearDataRaceDetector1,
 author="Marco Elver and Paul E. McKenney and Dmitry Vyukov and Andrey Konovalov and Alexander Potapenko and Kostya Serebryany and Alan Stern and Andrea Parri and Akira Yokosawa and Peter Zijlstra and Will Deacon and Daniel Lustig and Boqun Feng and Joel Fernandes and Jade Alglave and Luc Maranget",
 title="Concurrency bugs should fear the big bad data-race detector (part 1)",
 month="April",
 day="8",
 year="2020",
 url={https://lwn.net/Articles/816850/},
 note="Linux Weekly News",
}

@unpublished{MarcoElver2020FearDataRaceDetector2,
 author="Marco Elver and Paul E. McKenney and Dmitry Vyukov and Andrey Konovalov and Alexander Potapenko and Kostya Serebryany and Alan Stern and Andrea Parri and Akira Yokosawa and Peter Zijlstra and Will Deacon and Daniel Lustig and Boqun Feng and Joel Fernandes and Jade Alglave and Luc Maranget",
 title="Concurrency bugs should fear the big bad data-race detector (part 2)",
 month="April",
 day="14",
 year="2020",
 url={https://lwn.net/Articles/816854/},
 note="Linux Weekly News",
}

@article{DBLP:journals/corr/abs-2012-01067,
 author    = {Ori Lahav and Egor Namakonov and Jonas Oberhauser and Anton Podkopaev and Viktor Vafeiadis},
 title     = {Making Weak Memory Models Fair},
 journal   = {CoRR},
 volume    = {abs/2012.01067},
 year      = {2020},
 url       = {https://arxiv.org/abs/2012.01067},
 eprinttype = {arXiv},
 eprint    = {2012.01067},
 timestamp = {Fri, 04 Dec 2020 12:07:23 +0100},
 biburl    = {https://dblp.org/rec/journals/corr/abs-2012-01067.bib},
 bibsource = {dblp computer science bibliography, https://dblp.org},
}

@unpublished{HansBoehm2020UBalternatives,
 author="Hans Boehm",
 title="``{Undefined} behavior'' and the concurrency memory model",
 month="August",
 day="14",
 year="2020",
 note="\url{http://www.open-std.org/jtc1/sc22/wg21/docs/papers/2020/p2215r0.pdf}",
}

@article{RadhaJagadeesan2020OOTApomsetsPreconditions,
 author = {Jagadeesan, Radha and Jeffrey, Alan and Riely, James},
 title = {Pomsets with preconditions: a simple model of relaxed memory},
 year = {2020},
 issue_date = {November 2020},
 publisher = {Association for Computing Machinery},
 address = {New York, NY, USA},
 volume = {4},
 number = {OOPSLA},
 url = {https://doi.org/10.1145/3428262},
 doi = {10.1145/3428262},
 journal = {Proc. ACM Program. Lang.},
 month = nov,
 articleno = {194},
 numpages = {30},
 keywords = {Thin-Air Reads, Temporal Safety Properties, Relaxed Memory Models, Preconditions, Pomsets, Multi-Copy Atomicity, Concurrency, Compiler Optimizations, ARMv8}
}

@inproceedings{Lee:10.1145/3385412.3386010,
 author = {Lee, Sung-Hwan and Cho, Minki and Podkopaev, Anton and Chakraborty, Soham and Hur, Chung-Kil and Lahav, Ori and Vafeiadis, Viktor},
 title = {Promising 2.0: Global Optimizations in Relaxed Memory Concurrency},
 year = {2020},
 isbn = {9781450376136},
 publisher = {Association for Computing Machinery},
 address = {New York, NY, USA},
 url = {https://doi.org/10.1145/3385412.3386010},
 doi = {10.1145/3385412.3386010},
 booktitle = {Proceedings of the 41st ACM SIGPLAN Conference on Programming Language Design and Implementation},
 pages = {362–376},
 numpages = {15},
 keywords = {Compiler Optimizations, Relaxed Memory Concurrency, Operational Semantics},
 location = {London, UK},
 series = {PLDI 2020}
}

@inproceedings{MinkiCho2021PromisingSemantics,
 author = {Cho, Minki and Lee, Sung-Hwan and Hur, Chung-Kil and Lahav, Ori},
 title = {Modular data-race-freedom guarantees in the promising semantics},
 year = {2021},
 isbn = {9781450383912},
 publisher = {Association for Computing Machinery},
 address = {New York, NY, USA},
 url = {https://doi.org/10.1145/3453483.3454082},
 doi = {10.1145/3453483.3454082},
 booktitle = {Proceedings of the 42nd ACM SIGPLAN International Conference on Programming Language Design and Implementation},
 pages = {867–882},
 numpages = {16},
 keywords = {Compiler Optimizations, Data Race Freedom, Operational Semantics, Relaxed Memory Concurrency},
 location = {Virtual, Canada},
 series = {PLDI 2021}
}

@article{SungHwanLee2023WeakMemoryPromising,
 author = {Lee, Sung-Hwan and Cho, Minki and Margalit, Roy and Hur, Chung-Kil and Lahav, Ori},
 title = {Putting Weak Memory in Order via a Promising Intermediate Representation},
 year = {2023},
 issue_date = {June 2023},
 publisher = {Association for Computing Machinery},
 address = {New York, NY, USA},
 volume = {7},
 number = {PLDI},
 url = {https://doi.org/10.1145/3591297},
 doi = {10.1145/3591297},
 journal = {Proc. ACM Program. Lang.},
 month = jun,
 articleno = {183},
 numpages = {24},
 keywords = {Compiler Optimizations, Intermediate Representation, Operational Semantics, Relaxed Memory Concurrency}
}

@unpublished{PaulEMcKenney2023P0124R8-LKMM,
 Author="Paul E. McKenney and Ulrich Weigand and Andrea Parri and Boqun Feng",
 Title="Linux-Kernel Memory Model",
 month="August",
 day="23",
 year="2023",
 note="\url{https://www.open-std.org/jtc1/sc22/wg21/docs/papers/2023/p0124r8.html}",
}

@unpublished{LukeGeeson2023TightenRelaxed,
 author="Luke Geeson",
 title="A Proposal Fix for C/C++ Relaxed Atomics in Practice",
 month="November",
 day="3",
 year="2023",
 note="\url{http://lukegeeson.com/blog/2023-10-17-A-Proposal-For-Relaxed-Atomics/}",
}

@unpublished{RichardGrisenthwaite2023TightenRelaxedJustSayNo,
 author="Richard Grisenthwaite",
 title="Views on Relaxed Atomics in {C++} from {Arm's} technical leadership team",
 month="November",
 day="3",
 year="2023",
 note="\url{https://community.arm.com/arm-community-blogs/b/architectures-and-processors-blog/posts/arm-technical-view-on-relaxed-atomics}",
}

@article{EvgeniiMoiseenko2025reexecution,
 author = {Moiseenko, Evgenii and Meluzzi, Matteo and Meleshchenko, Innokentii and Kabashnyi, Ivan and Podkopaev, Anton and Chakraborty, Soham},
 title = {Relaxed Memory Concurrency Re-executed},
 year = {2025},
 issue_date = {January 2025},
 publisher = {Association for Computing Machinery},
 address = {New York, NY, USA},
 volume = {9},
 number = {POPL},
 url = {https://doi.org/10.1145/3704908},
 doi = {10.1145/3704908},
 journal = {Proc. ACM Program. Lang.},
 month = jan,
 articleno = {72},
 numpages = {27},
 keywords = {C/C++ memory model, Weak memory models, model checking}
}

@unpublished{PaulEMcKenney2023P3046R2/OOTAwithoutTrying,
 Author="Paul E. McKenney \and Alan Stern \and Michael Wong \and Maged Michael",
 Title="How to Avoid OOTA Without Really Trying",
 month="July",
 day="7",
 year="2024",
 note="\url{https://www.open-std.org/jtc1/sc22/wg21/docs/papers/2024/p3064r2.pdf}",
}
