
@conference{McCanne93,
 Author = "Steven McCanne and Chris Torek",
 Title = "A Randomized Sampling Clock for {CPU} Utilization Estimation and
Code Profiling",
 Booktitle = "USENIX Conference Proceedings",
 Publisher="USENIX Association",
 address = "Berkeley CA",
 month="February",
 year="1993",
}

@conference{Graham82,
Author = "S. L. Graham and P. B. Kessler and M. K. McKusick",
Title = "gprof: A Call Graph Execution Profiler",
Booktitle = "Proceedings of the SIGPLAN'82 Symposium on Compiler Construction",
month="June",
year="1982",
}

@article{Goldberg93,
 author="A. J. Goldberg and J. L. Hennessy",
 title="Mtool: An Integrated System for Performance Debugging Shared Memory
Multiprocessor Appliations",
 Month="January",
 Year="1993",
 journal="IEEE Transactions on Parallel and Distributed Systems",
}

@article{Skudlarek94,
 author="John F. Reiser and Joseph P. Skudlarek",
 title="Program Profiling Problems, and a solution via
Machine Language Rewriting",
 year="1994",
 month="January",
 journal="{SIGPLAN} Notices",
 volume="29",
 number="1",
 pages="37-45",
}

@article{Uhlig94,
 author="Richard Uhlig and David Nagle and Trevor Mudge and Stuart Sechrest",
 title="Trap-drive Simulation with Tapeworm II",
 Year="1994",
 Month="October",
 journal="ASPLOS",
}

@article{Lebeck94,
 author="Alvin R. Lebeck and David A. Wood",
 title="Cache Profiling and the SPEC Benchmarks:  A Case Study",
 Year="1994",
 Month="October",
 journal="IEEE Computer",
}

@Book{Jain91,
 Author="Raj Jain",
 title="The Art of Computer Systems Performance Analysis",
 Publisher="John Wiley and Sons",
 Year="1991",
 pages="685",
}

@Conference{McKenney95a,
 Author = "Paul E. McKenney",
 Title = "Differential Profiling",
 Booktitle = "MASCOTS 1995",
 address = "Toronto, Canada",
 month="January",
 year="1995",
 pages="237-241",
 doi="10.1109/MASCOT.1995.378681",
}

@article{McKenney99b,
 author = {Paul E. McKenney},
 title = {Differential Profiling},
 journal = {Software - Practice and Experience},
 volume = {29},
 number = {3},
 year = {1999},
 pages = {219-234},
 bibsource = {DBLP, http://dblp.uni-trier.de},
 doi = {10.1002/(SICI)1097-024X(199903)29:3%3C219::AID-SPE230%3E3.0.CO;2-0}
}

@Book{Menasce94,
 Author="Daniel A. Menasce and Vergilio A. F. Almeida and Larry W. Dowdy",
 title="Capacity Planning and Performance Modeling",
 Publisher="Prentice Hall",
 Year="1994",
 pages="412",
}

@Conference{Anderson97,
 Author = "Jennifer M. Anderson and Lance M. Berc and Jeffrey Dean and
Sanjay Ghemawat and Monika R. Henzinger and Shun-Tak A. Leung and
Richard L. Sites and Mark T. Vandevoorde and Carl A. Waldspurger and
William E. Weihl",
 Title = "Continuous Profiling:  Where Have All the Cycles Gone?",
 Booktitle = "Proceedings of the 16\textsuperscript{th} ACM Symposium
on Operating Systems Principles",
 address = "New York, NY",
 month="October",
 year="1997",
 pages="1-14",
 doi="10.1145/265924.265925",
}

@Conference{Dean97,
 Author = "Jeffrey Dean and James E. Hicks and Carl A. Waldspurger and
William E. Weihl and George Chrysos",
 Title = "ProfileMe:  Hardware Support for Instruction-Level Profiling
on Out-of-Order Processors",
 Booktitle = "Proceedings of IEEE Micro-30",
 publisher="The Institute of Electrical and Electronics Engineers, Inc.",
 address = "Piscataway, NJ",
 month="December",
 year="1997",
}

@Conference{McKenney99,
 Author="Paul E. McKenney",
 Title="Practical Performance Estimation on Shared-Memory Multiprocessors",
 Booktitle="{Parallel and Distributed Computing and Systems}",
 Month="November",
 Year="1999",
 pages="125-134",
 Address="Boston, MA",
}

@unpublished{Hartner02a,
 Author="Bill Hartner",
 Title="Dcachbench Microbenchmark",
 month="October",
 year="2002",
}

@unpublished{OSDLDBT2003a,
 Author="{Open Source Development Labs, Inc.}",
 Title="Database Test Suite",
 year="2003",
 note="\url{http://www.osdl.org/lab_activities/kernel_testing/osdl_database_test_suite/}",
}

@unpublished{JohnDMcCalpin05a,
 Author="John D. McCalpin",
 Title="{STREAM}: Sustainable Memory Bandwidth in High Performance Computers",
 year="2005",
 note="\url{http://www.cs.virginia.edu/stream/}",
}

