
@article{PhysRev.92.411,
 title = "Polarization of Nuclei in Metals",
 author = "Albert W. Overhauser",
 journal = {Phys. Rev.},
 volume = {92},
 issue = {411},
 year = {1953},
 month = {Oct},
 publisher = {American Physical Society},
 doi = {https://doi.org/10.1103/PhysRev.92.411},
 url = {https://journals.aps.org/pr/abstract/10.1103/PhysRev.92.411},
}

@unpublished{RichardPFeynman1959RoomAtBottom,
 Author="Richard P. Feynman",
 Title="Plenty of Room at the Bottom",
 month="December",
 year="1959",
 note="\url{http://www.its.caltech.edu/~feynman/plenty.html}",
}

@article{Weir1959DiamondAnvilCell,
 author = "Charles E. Weir and Ellis R. Lippincott and Elmer N. Bunting",
 title = "Infrared Studies in the 1- to 15-Micron Region to 30,000 Atmospheres",
 journal = {J. Res. Natl. Bur. Stand},
 volume = {63},
 number = {A},
 year = {1959},
 pages = {55-62},
 publisher = "National Institute of Standards and Technology",
 address = {Washington, DC, USA},
}

@article{Landauer:1961:IHG:1661184.1661186,
 author = {Landauer, R.},
 title = {Irreversibility and Heat Generation in the Computing Process},
 journal = {IBM J. Res. Dev.},
 issue_date = {July 1961},
 volume = {5},
 number = {3},
 month = jul,
 year = {1961},
 issn = {0018-8646},
 pages = {183--191},
 numpages = {9},
 url = {http://dx.doi.org/10.1147/rd.53.0183},
 doi = {10.1147/rd.53.0183},
 acmid = {1661186},
 publisher = {IBM Corp.},
 address = {Riverton, NJ, USA},
}

@article{JohnSBell1964EPRparadox,
 author = "John S. Bell",
 title = "On the {Einstein} {Podolsky} {Rosen} Paradox",
 journal = {Physics},
 volume = {1},
 number = {3},
 year = {1964},
 pages = {195--200},
 url = {http://www.drchinese.com/David/Bell_Compact.pdf},
 publisher = {American Physical Society},
 address = {College Park, MD, USA},
}

@article{Bennett:1973:LRC:1664562.1664568,
 author = {Bennett, C. H.},
 title = {Logical Reversibility of Computation},
 journal = {IBM J. Res. Dev.},
 issue_date = {November 1973},
 volume = {17},
 number = {6},
 month = nov,
 year = {1973},
 issn = {0018-8646},
 pages = {525--532},
 numpages = {8},
 url = {http://dx.doi.org/10.1147/rd.176.0525},
 doi = {10.1147/rd.176.0525},
 acmid = {1664568},
 publisher = {IBM Corp.},
 address = {Riverton, NJ, USA},
}

@Article{1980:1663086,
 author = "IBM",
 title = "Josephson Computer Technology: an {IBM} Research Project",
 journal = {IBM J. Res. Dev.},
 year = {1980},
 issn = {0018-8646},
 volume = {24},
 number = {2},
 issue_date = {March 1980},
 publisher = {IBM Corp.},
 address = {Riverton NJ, USA},
 key = {{$\!\!$}},
}

@Article{Feynman1982,
 author="Feynman, Richard P.",
 title="Simulating physics with computers",
 journal="International Journal of Theoretical Physics",
 year="1982",
 volume="21",
 number="6",
 pages="467--488",
 issn="1572-9575",
 doi="10.1007/BF02650179",
 url="http://dx.doi.org/10.1007/BF02650179",
}


@article{Binnig1982SurfaceSTM,
 author = "G. Binnig and H. Rohrer and Ch. Gerber and E. Weibel",
 title = "Surface Studies by Scanning Tunneling Microscopy",
 journal = {Phys. Rev. Lett.},
 volume = {49},
 number = {1},
 month = "July",
 year = {1982},
 pages = {57--61},
 url = {http://journals.aps.org/prl/pdf/10.1103/PhysRevLett.49.57},
 doi = {10.1103/PhysRevLett.49.57},
 publisher = {The American Physical Society},
 address = {College Park, MD, USA},
}

@article{RichardFeynman1986QuantumMechanicalComputers,
 author = "R. Feynman",
 title = "Quantum Mechanical computers",
 journal = {Optics News},
 issue_date = {February 1985},
 volume = {11},
 number = {2},
 month = "February",
 year = {1985},
 pages = {11--20},
 url = {https://doi.org/10.1364/ON.11.2.000011},
 doi = {10.1364/ON.11.2.000011},
 publisher = {The Optical Society},
 address = {Washington, DC, USA},
}

@ARTICLE{1986PhRvL..56..930B,
 author = {{Binnig}, G. and {Quate}, C.~F. and {Gerber}, C.},
 title = "{Atomic force microscope}",
 journal = {Physical Review Letters},
 keywords = {Cantilever Beams, Electron Tunneling, Measuring Instruments, Microscopes, Ceramics, Interatomic Forces, Scanning Tunneling Microscopy},
 year = 1986,
 month = mar,
 volume = 56,
 pages = {930-933},
 doi = {10.1103/PhysRevLett.56.930},
 adsurl = {http://adsabs.harvard.edu/abs/1986PhRvL..56..930B},
 adsnote = {Provided by the SAO/NASA Astrophysics Data System},
}

@unpublished{MalcolmWBrowne1990AFM-IBM,
 Author="Malcolm W. Browne",
 Title="2 Researchers Spell {'I.B.M.,'} Atom by Atom",
 month="April",
 day="5",
 year="1990",
 note="\url{http://www.nytimes.com/1990/04/05/us/2-researchers-spell-ibm-atom-by-atom.html}",
}

@article{Shor:1997:PAP:264393.264406,
 author = {Shor, Peter W.},
 title = {Polynomial-Time Algorithms for Prime Factorization and Discrete Logarithms on a Quantum Computer},
 journal = {SIAM J. Comput.},
 issue_date = {Oct. 1997},
 volume = {26},
 number = {5},
 month = oct,
 year = {1997},
 issn = {0097-5397},
 pages = {1484--1509},
 numpages = {26},
 url = {http://dx.doi.org/10.1137/S0097539795293172},
 doi = {10.1137/S0097539795293172},
 acmid = {264406},
 publisher = {Society for Industrial and Applied Mathematics},
 address = {Philadelphia, PA, USA},
 keywords = {Church's thesis, Fourier transforms, algorithmic number theory, discrete logarithms, foundations of quantum mechanics, prime factorization, quantum computers, spin systems},
}

@techreport{MHSAmin2000D-Wave-superconductor,
 Author="M.H.S. Amin and A.N.Omelyanchouk and A.M.Zagoskin",
 Title="Mechanisms of Spontaneous Current Generation in an Inhomogeneous d-Wave Superconductor",
 month="December",
 day="6",
 year="2000",
 institution="Cornell University Library",
 note="\url{https://arxiv.org/pdf/cond-mat/0011416.pdf}",
}

@techreport{PeterWSchor2001QuantumAlgorithms,
 Author="Peter W. Shor",
 Title="Introduction to Quantum Algorithms",
 month="July",
 day="6",
 year="2001",
 institution="Cornell University Library",
 note="\url{https://arxiv.org/pdf/quant-ph/0005003.pdf}",
}

@unpublished{NIST2001BoseEinsteinCondensate,
 Author="National Institute of Standards and Technology",
 Title="Bose-Einstein Condensate: A New Form of Matter",
 month="October",
 day="9",
 year="2001",
 note="\url{https://www.nist.gov/news-events/news/2001/10/bose-einstein-condensate-new-form-matter}",
}

@techreport{LievenMKVandersypen2001ShorQFactoring,
 Author="Lieven M.K. Vandersypen and Matthias Steffen and Gregory Breyta and Costantino S. Yannoni and Mark H. Sherwood and Isaac L. Chuang",
 Title="Experimental realization of Shor's quantum factoring algorithm using nuclear magnetic resonance",
 month="December",
 day="30",
 year="2001",
 institution="Cornell University Library",
 note="\url{https://arxiv.org/abs/quant-ph/0112176}",
}

@article{Kendon:2006:ERS:2011698.2011704,
 author = {Kendon, Vivien M. and Munro, William J.},
 title = {Entanglement and Its Role in Shor's Algorithm},
 journal = {Quantum Info. Comput.},
 issue_date = {November 2006},
 volume = {6},
 number = {7},
 month = nov,
 year = {2006},
 issn = {1533-7146},
 pages = {630--640},
 numpages = {11},
 url = {http://dl.acm.org/citation.cfm?id=2011698.2011704},
 acmid = {2011704},
 publisher = {Rinton Press, Incorporated},
 address = {Paramus, NJ},
 keywords = {Shor's algorithm, entanglement, quantum computing},
}

@techreport{EricCHannah2007BuckyballAtomicClock,
 Author="Eric C. Hannah and Michael A. Brown",
 Title="Conceptual Design of a Micron-Scale Atomic Clock",
 month="July",
 day="31",
 year="2007",
 institution="Cornell University Library",
 note="\url{https://arxiv.org/abs/0707.4624}",
}

@article{PhysRevA.76.042319,
 title = {Charge-insensitive qubit design derived from the Cooper pair box},
 author = {Koch, Jens and Yu, Terri M. and Gambetta, Jay and Houck, A. A. and Schuster, D. I. and Majer, J. and Blais, Alexandre and Devoret, M. H. and Girvin, S. M. and Schoelkopf, R. J.},
 journal = {Phys. Rev. A},
 volume = {76},
 issue = {4},
 pages = {042319},
 numpages = {19},
 year = {2007},
 month = {Oct},
 publisher = {American Physical Society},
 doi = {10.1103/PhysRevA.76.042319},
 url = {http://link.aps.org/doi/10.1103/PhysRevA.76.042319},
}

@article{PhysRevB.77.180502,
 title = {Suppressing charge noise decoherence in superconducting charge qubits},
 author = {Schreier, J. A. and Houck, A. A. and Koch, Jens and Schuster, D. I. and Johnson, B. R. and Chow, J. M. and Gambetta, J. M. and Majer, J. and Frunzio, L. and Devoret, M. H. and Girvin, S. M. and Schoelkopf, R. J.},
 journal = {Phys. Rev. B},
 volume = {77},
 issue = {18},
 pages = {180502},
 numpages = {4},
 year = {2008},
 month = {May},
 publisher = {American Physical Society},
 doi = {10.1103/PhysRevB.77.180502},
 url = {http://link.aps.org/doi/10.1103/PhysRevB.77.180502},
}

@techreport{KamranKarimi2011D-WaveAdiabatic,
 Author="Kamran Karimi and Neil G. Dickson and Firas Hamze and M.H.S. Amin and Marshall Drew-Brook and Fabian A. Chudak and Paul I. Bunyk and William G. Macready and Geordie Rose",
 Title="Investigating the Performance of an Adiabatic Quantum Optimization Processor",
 month="January",
 day="27",
 year="2011",
 institution="Cornell University Library",
 note="\url{https://arxiv.org/pdf/1006.4147.pdf}",
}

@article{PhysRevLett.107.240501,
 title = {Observation of High Coherence in Josephson Junction Qubits Measured in a Three-Dimensional Circuit QED Architecture},
 author = {Paik, Hanhee and Schuster, D. I. and Bishop, Lev S. and Kirchmair, G. and Catelani, G. and Sears, A. P. and Johnson, B. R. and Reagor, M. J. and Frunzio, L. and Glazman, L. I. and Girvin, S. M. and Devoret, M. H. and Schoelkopf, R. J.},
 journal = {Phys. Rev. Lett.},
 volume = {107},
 issue = {24},
 pages = {240501},
 numpages = {5},
 year = {2011},
 month = {Dec},
 publisher = {American Physical Society},
 doi = {10.1103/PhysRevLett.107.240501},
 url = {http://link.aps.org/doi/10.1103/PhysRevLett.107.240501},
}

@article{PhysRevB.86.100506,
 title = {Superconducting qubit in a waveguide cavity with a coherence time approaching 0.1 ms},
 author = {Rigetti, Chad and Gambetta, Jay M. and Poletto, Stefano and Plourde, B. L. T. and Chow, Jerry M. and C\'orcoles, A. D. and Smolin, John A. and Merkel, Seth T. and Rozen, J. R. and Keefe, George A. and Rothwell, Mary B. and Ketchen, Mark B. and Steffen, M.},
 journal = {Phys. Rev. B},
 volume = {86},
 issue = {10},
 pages = {100506},
 numpages = {5},
 year = {2012},
 month = {Sep},
 publisher = {American Physical Society},
 doi = {10.1103/PhysRevB.86.100506},
 url = {http://link.aps.org/doi/10.1103/PhysRevB.86.100506},
}

@article{LeonidDubrovinsky2012640GPaDiamondAnvilCell,
 title = "Implementation of micro-ball nanodiamond anvils for high-pressure studies above 6\,{Mbar}",
 author = "Leonid Dubrovinsky and Natalia Dubrovinskaia and Vitali B. Prakapenka and Artem M Abakumov",
 journal = {Nat. Commun.},
 volume = {3},
 issue = {1163},
 year = {2012},
 publisher = {Macmillan Publishers Limited},
 doi = {10.1038/ncomms2160},
 url = {http://www.nature.com/articles/ncomms2160},
}

@article{HJMamin2013QC-nanoscale-NMR,
 title = "Nanoscale Nuclear Magnetic Resonance with a Nitrogen-Vacancy Spin Sensor",
 author = "H. J. Mamin and M. Kim1 and M. H. Sherwood and C. T. Rettner and K. Ohno and D. D. Awschalom and D. Rugar",
 journal = "Science",
 volume = {339},
 issue = {6119},
 pages = {557-560},
 year = {2013},
 month = {February},
 publisher = {American Association for the Advancement of Science},
 doi = {10.1126/science.1231540},
 url = {http://science.sciencemag.org/content/339/6119/557},
}

@unpublished{ToddRWeiss2013Google-QC-AI-Lab,
 Author="Todd R. Weiss",
 Title="Google Launches Quantum Artificial Intelligence Lab",
 month="May",
 day="5",
 year="2013",
 note="\url{http://www.eweek.com/cloud/google-launches-quantum-artificial-intelligence-lab}",
}

@unpublished{CharlesChoi2013D-WaveGoogleNASA,
 Author="Charles Choi",
 Title="Google and NASA Launch Quantum Computing AI Lab",
 month="May",
 day="16",
 year="2013",
 note="\url{https://www.technologyreview.com/s/514846/google-and-nasa-launch-quantum-computing-ai-lab/}",
}

@article{PhysRevLett.111.080502,
 title = {Coherent Josephson Qubit Suitable for Scalable Quantum Integrated Circuits},
 author = {Barends, R. and Kelly, J. and Megrant, A. and Sank, D. and Jeffrey, E. and Chen, Y. and Yin, Y. and Chiaro, B. and Mutus, J. and Neill, C. and O'Malley, P. and Roushan, P. and Wenner, J. and White, T. C. and Cleland, A. N. and Martinis, John M.},
 journal = {Phys. Rev. Lett.},
 volume = {111},
 issue = {8},
 pages = {080502},
 numpages = {5},
 year = {2013},
 month = {Aug},
 publisher = {American Physical Society},
 doi = {10.1103/PhysRevLett.111.080502},
 url = {http://link.aps.org/doi/10.1103/PhysRevLett.111.080502},
}

@article{KamyarSaeedi2018QC-39-minutes,
 title = "Room-Temperature Quantum Bit Storage Exceeding 39 Minutes Using Ionized Donors in Silicon-28",
 author = "Kamyar Saeedi and Stephanie Simmons and Jeff Z. Salvail and Phillip Dluhy and Helge Riemann and Nikolai V. Abrosimov and Peter Becker and Hans-Joachim Pohl and John J. L. Morton and Mike L. W. Thewalt",
 journal = "Science",
 volume = {342},
 issue = {6160},
 pages = {830--833},
 year = {2013},
 month = {November},
 publisher = {American Association for the Advancement of Science},
 doi = {10.1126/science.1239584},
 url = {https://www.ucl.ac.uk/qsd/publications/paper64.pdf},
}

@inproceedings{McGeoch:2013:EEA:2482767.2482797,
 author = {McGeoch, Catherine C. and Wang, Cong},
 title = {Experimental Evaluation of an Adiabiatic Quantum System for Combinatorial Optimization},
 booktitle = {Proceedings of the ACM International Conference on Computing Frontiers},
 series = {CF '13},
 year = {2013},
 isbn = {978-1-4503-2053-5},
 location = {Ischia, Italy},
 pages = {23:1--23:11},
 articleno = {23},
 numpages = {11},
 url = {http://doi.acm.org/10.1145/2482767.2482797},
 doi = {10.1145/2482767.2482797},
 acmid = {2482797},
 publisher = {ACM},
 address = {New York, NY, USA},
 keywords = {D-wave, adiabatic quantum computing, heuristics, quantum annealing},
}

@unpublished{AlexSelby2013D-WaveHarderQUBO,
 Author="Alex Selby",
 Title="Harder QUBO instances on a Chimera graph",
 year="2014",
 note="\url{http://www.archduke.org/stuff/d-wave-comment-on-comparison-with-classical-computers/harder-qubo-instances-on-a-chimera-graph/}",
}

@techreport{SeungWooShin2014IsDwaveQuantum,
 Author="Seung Woo Shin and Graeme Smith and John A. Smolin and Umesh Vazirani",
 Title="How ``Quantum'' is the {D-Wave} Machine?",
 month="May",
 day="2",
 year="2014",
 institution="Cornell University Library",
 note="\url{https://arxiv.org/abs/1401.7087v2}",
}

@article{PhysRevX.4.021041,
 title = {Entanglement in a Quantum Annealing Processor},
 author = {Lanting, T. and Przybysz, A. J. and Smirnov, A. Yu. and Spedalieri, F. M. and Amin, M. H. and Berkley, A. J. and Harris, R. and Altomare, F. and Boixo, S. and Bunyk, P. and Dickson, N. and Enderud, C. and Hilton, J. P. and Hoskinson, E. and Johnson, M. W. and Ladizinsky, E. and Ladizinsky, N. and Neufeld, R. and Oh, T. and Perminov, I. and Rich, C. and Thom, M. C. and Tolkacheva, E. and Uchaikin, S. and Wilson, A. B. and Rose, G.},
 journal = {Phys. Rev. X},
 volume = {4},
 issue = {2},
 pages = {021041},
 numpages = {14},
 year = {2014},
 month = {May},
 publisher = {American Physical Society},
 doi = {10.1103/PhysRevX.4.021041},
 url = {http://link.aps.org/doi/10.1103/PhysRevX.4.021041},
}

@unpublished{AlexSelby2014D-Wave-vs-classical,
 Author="Alex Selby",
 Title="D-Wave: comment on comparison with classical computers",
 month="June",
 day="20",
 year="2014",
 note="\url{http://www.archduke.org/stuff/d-wave-comment-on-comparison-with-classical-computers/}",
}

@article{AdrianCho2014QC-D-WaveNoSpeedup,
 title = "Quantum or not, controversial computer yields no speedup",
 author = "Adrian Cho",
 journal = "Science",
 volume = {344},
 issue = {6190},
 pages = {1330-1331},
 year = {2014},
 month = {June},
 publisher = {American Association for the Advancement of Science},
 doi = {10.1126/science.344.6190.1330},
 url = {http://science.sciencemag.org/content/344/6190/1330},
}

@article{TroelsFRonnow2014QC-D-WaveNoSpeedup,
 title = "Defining and detecting quantum speedup",
 author = "Troels F. R{\o}nnow and Zhihui Wang and Joshua Job and Sergio Boixo and Sergei V. Isakov and David Wecker and John M. Martinis and Daniel A. Lidar and Matthias Troyer",
 journal = "Science",
 volume = {345},
 issue = {6195},
 pages = {420-424},
 year = {2014},
 month = {July},
 publisher = {American Association for the Advancement of Science},
 doi = {10.1126/science.1252319},
 url = {http://science.sciencemag.org/content/345/6195/420},
}

@unpublished{PedroHernandez2014MicrosoftStationQ-QC,
 Author="Pedro Hernandez",
 Title="{Microsoft's} {Station} {Q} Delves Into Quantum Computing",
 month="July",
 day="24",
 year="2014",
 note="\url{http://www.eweek.com/servers/google-developing-quantum-computing-chip.html}",
}

@unpublished{JeffreyBurt2014Google-QC-Chip,
 Author="Jeffrey Burt",
 Title="Google Developing Quantum Computing Chip",
 month="September",
 day="2",
 year="2014",
 note="\url{http://www.eweek.com/servers/google-developing-quantum-computing-chip.html}",
}

@phdthesis{DanielThomasSankPhD,
 author="Daniel Thomas Sank",
 title="Fast, Accurate State Measurement in Superconducting Qubits",
 school="University of California Santa Barbara",
 year="2014",
 url="http://web.physics.ucsb.edu/~martinisgroup/theses/Sank2014.pdf",
 lastchecked="March 17, 2017",
}

@article{ADCorcoles2015QuantumErrorDetection,
 author = {A.D. C\'orcoles and Easwar Magesan and Srikanth J. Srinivasan and Andrew W. Cross and M. Steffen and Jay M. Gambetta and Jerry M. Chow},
 title = {Demonstration of a quantum error detection code using a square lattice of four superconducting qubits},
 journal = {Nature Communications},
 volume = {6},
 number = {6979},
 year = {2015},
 pages = {},
 doi = {10.1038/ncomms7979},
 url = {http://www.nature.com/articles/ncomms7979},
 publisher = {Macmillan},
 address = {London UK},
}

@article{RobertMcConnell2015QC-Entangle3000Atoms,
 author = "Robert McConnell and Hao Zhang and Jiazhong Hu and Senka \'{C}uk	and Vladan Vuleti\'{c}",
 title = "Entanglement with negative {Wigner} function of almost 3,000 atoms heralded by one photon",
 journal = {Nature},
 volume = {519},
 number = {},
 year = {2015},
 pages = {439--442},
 doi = {doi:10.1038/nature14293},
 url = {http://www.nature.com/nature/journal/v519/n7544/full/nature14293.html},
 publisher = {Macmillan},
 address = {London UK},
}

@unpublished{JaikumarVijayan2015Google-UCSB-QC-Memory,
 Author="Jaikumar Vijayan",
 Title="Google, {UC} {Santa} {Barbara} Scientists Address Quantum Memory Problem",
 month="March",
 day="3",
 year="2015",
 note="\url{http://www.eweek.com/servers/google-uc-santa-barbara-scientists-address-quantum-memory-problem.html}",
}

@article{PhysRevA.91.042314,
 title = {Consistency tests of classical and quantum models for a quantum annealer},
 author = {Albash, Tameem and Vinci, Walter and Mishra, Anurag and Warburton, Paul A. and Lidar, Daniel A.},
 journal = {Phys. Rev. A},
 volume = {91},
 issue = {4},
 pages = {042314},
 numpages = {33},
 year = {2015},
 month = {Apr},
 publisher = {American Physical Society},
 doi = {10.1103/PhysRevA.91.042314},
 url = {http://link.aps.org/doi/10.1103/PhysRevA.91.042314},
}

@unpublished{StaceyHigginbotham2015Intel-QC-invest-50M,
 Author="Stacey Higginbotham",
 Title="Goodbye {Moore's} {Law}! {Intel} invests \$50 million into quantum computing partnership",
 month="September",
 day="3",
 year="2015",
 note="\url{http://fortune.com/2015/09/03/intel-quantum-computing/}",
}

@unpublished{PatrickHarris2015QC-Google-NASA-DWave,
 Author="Derrick Harris",
 Title="Quantum computing research carries on at {Google} and {NASA}",
 month="September",
 day="28",
 year="2015",
 note="\url{http://fortune.com/2015/09/28/google-nasa-quantum-computer/}",
}

@techreport{MohammadHAmin2015QC-D-Wave-QuantumSpeedupProblematic,
 Author="Mohammad H. Amin",
 Title="Searching for quantum speedup in quasistatic quantum annealers",
 month="November",
 day="19",
 year="2015",
 institution="Cornell University Library",
 note="\url{https://arxiv.org/pdf/1503.04216.pdf}",
}

@unpublished{AndriiDegeler2015BuckyballAtomicClock,
 Author="Andrii Degeler",
 Title="Endohedral fullerenes on sale for just \$167 million per gram",
 month="December",
 day="11",
 year="2015",
 note="\url{https://arstechnica.com/science/2015/12/oxford-company-now-selling-endohedral-fullerenes-priced-at-110-million-per-gram/}",
}

@unpublished{IBM2016QuantumExperience,
 Author="{IBM Research}",
 Title="IBM~Q: Building the first universal quantum computers for business and science",
 month="May",
 year="2016",
 note="\url{http://research.ibm.com/ibm-q/}",
}

@unpublished{ArsTechnica2016IBMQuantumExperience,
 Author="Chris Lee",
 Title="How {IBM's} new five-qubit universal quantum computer works",
 month="May",
 day="4",
 year="2016",
 note="\url{https://arstechnica.com/science/2016/05/how-ibms-new-five-qubit-universal-quantum-computer-works/}",
}

@unpublished{RichardChirgwin2016GoogleQC,
 Author="Richard Chirgwin",
 Title="Google tests its own quantum computer -- both qubits of it",
 month="July",
 day="21",
 year="2016",
 note="\url{https://www.theregister.co.uk/2016/07/21/google_tests_a_quantum_computer_its_own_both_qubits_of_it/}",
}

@article{ZhengChen2016PerovskiteQDMOFthinFilm,
 author = "Zheng Chen and Zhi-Gang Gu and Wen-Qiang Fu and Fei Wang and Jian Zhang",
 title = "A Confined Fabrication of Perovskite Quantum Dots in Oriented {MOF} Thin Film",
 journal = "ACS Appl. Mater. Interfaces",
 issue_date = {August 2016},
 volume = {8},
 number = {42},
 month = aug,
 year = {2017},
 pages = {28737--28742},
 url = {http://pubs.acs.org/doi/abs/10.1021/acsami.6b11712},
 doi = {10.1021/acsami.6b11712},
 publisher = {ACS},
 address = {Washington, DC, USA},
}

@unpublished{AgamShah2016D-Wave-2000-qubit,
 Author="Agam Shah",
 Title="{D-Wave} will ship a 2,000-qubit quantum computer next year",
 month="September",
 day="20",
 year="2016",
 note="\url{http://www.pcworld.com/article/3122452/hardware/d-wave-will-ship-a-2000-qubit-quantum-computer-next-year.html}",
}

@unpublished{PedroHernandez2016Microsoft-QC,
 Author="Pedro Hernandez",
 Title="Microsoft Plans to Build a Quantum Computer",
 month="November",
 day="21",
 year="2016",
 note="\url{http://www.eweek.com/servers/microsoft-plans-to-build-a-quantum-computer.html}",
}

@techreport{KristanTemme2016QC-error-mitigation,
 Author="Kristan Temme and Sergey Bravyi and Jay M. Gambetta",
 Title="Error mitigation for short depth quantum circuits",
 month="December",
 day="6",
 year="2016",
 institution="Cornell University Library",
 note="\url{https://arxiv.org/abs/1612.02058}",
}

@techreport{SergeyBravyi2017-QC-SimulateFermionicHamiltonians,
 Author="Sergey Bravyi and Jay M. Gambetta and Antonio Mezzacapo and Kristan Temme",
 Title="Tapering off qubits to simulate fermionic {Hamiltonians}",
 month="January",
 day="27",
 year="2017",
 institution="Cornell University Library",
 note="\url{https://arxiv.org/abs/1701.08213}",
}

@unpublished{WikipediaTransMon,
 Author="{Wikipedia Contributors}",
 Title="{Transmon}",
 month="January",
 day="18",
 year="2017",
 note="\url{https://en.wikipedia.org/w/index.php?title=Transmon}",
}

@unpublished{BradJones2017D-Wave2000Sale,
 Author="Brad Jones",
 Title="{D-Wave} Sold its First 2,000-Qubit Quantum Annealer to a Cybersecurity Firm",
 month="January",
 day="24",
 year="2017",
 note="\url{http://www.digitaltrends.com/computing/d-wave-2000q-launch/}",
}

@unpublished{JamesWootton2017IBMQEgame,
 Author="James Wootton",
 Title="Introducing the world's first game for a quantum computer",
 month="March",
 day="2",
 year="2017",
 note="\url{https://medium.com/@decodoku/introducing-the-worlds-first-game-for-a-quantum-computer-50640e3c22e4}",
}

@unpublished{LevSBishop2017QuantumVolume,
 Author="Lev S. Bishop and Sergey Bravyi and Andrew Cross and Jay M. Gambetta and John Smolin",
 Title="Quantum Volume",
 month="March",
 day="4",
 year="2017",
 note="\url{https://dal.objectstorage.open.softlayer.com/v1/AUTH_039c3bf6e6e54d76b8e66152e2f87877/community-documents/quatnum-volumehp08co1vbo0cc8fr.pdf}",
}

@unpublished{BradJones2017IBM-QC-Announce,
 Author="Brad Jones",
 Title="{IBM} Plans to Build the First Commercially Available Universal Quantum Computer",
 month="March",
 day="5",
 year="2017",
 note="\url{http://www.digitaltrends.com/computing/ibm-q-universal-quantum-computer/}",
}

@unpublished{RobertHackett2017IBM-QC-Announce,
 Author="Robert Hackett",
 Title="{IBM} Sets Sight on Quantum Computing",
 month="March",
 day="5",
 year="2017",
 note="\url{http://fortune.com/2017/03/06/ibm-quantum-computer/}",
}

@unpublished{AgamShah2017IBM-QC-50-qubit,
 Author="Agam Shah",
 Title="{IBM} {Q's} radical 50-qubit quantum computer will push computing to new frontiers",
 month="March",
 day="6",
 year="2017",
 note="\url{http://www.pcworld.com/article/3176853/hardware/ibms-new-q-program-to-include-a-50-qubit-quantum-computer.html}",
}

@unpublished{DarioGill2017IBM-Universal-QC,
 Author="Dario Gil",
 Title="Paving the Path to Universal Quantum Computing",
 month="March",
 day="6",
 year="2017",
 note="\url{https://www.ibm.com/blogs/think/2017/03/ibm-quantum/}",
}

@unpublished{MikeVizard2017IBM-QC-Cloud,
 Author="Mike Vizard",
 Title="IBM Makes Quantum Computing Leap into the Cloud",
 month="March",
 day="6",
 year="2017",
 note="\url{http://www.itbusinessedge.com/blogs/it-unmasked/ibm-makes-quantum-computing-leap-into-the-cloud.html}",
}

@unpublished{SeanMichaelKerner2017IBM-QC-API,
 Author="Sean Michael Kerner",
 Title="{IBM} Expands Quantum Computing Efforts With New {API}",
 month="March",
 day="6",
 year="2017",
 note="\url{http://www.eweek.com/cloud/ibm-expands-quantum-computing-efforts.html}",
}

@unpublished{WikipediaD-WaveSystems,
 Author="{Wikipedia Contributors}",
 Title="{D-Wave Systems}",
 month="March",
 day="6",
 year="2017",
 note="\url{https://en.wikipedia.org/wiki/D-Wave_Systems}",
}

@unpublished{JamesWootton2017IBMQEbattleship,
 Author="James Wootton",
 Title="Quantum Battleships: The first multiplayer game for a quantum computer",
 month="March",
 day="7",
 year="2017",
 note="\url{https://medium.com/@decodoku/quantum-battleships-the-first-multiplayer-game-for-a-quantum-computer-e4d600ccb3f3}",
}

@unpublished{Economist2017QuantumComputingTechnologyQuarterly,
 Author="Jason Palmer",
 Title="Cue bits: Why all eyes are on quantum computers",
 month="March",
 day="9",
 year="2017",
 note="\url{http://www.economist.com/technology-quarterly/2017-03-09/quantum-devices}",
}

@unpublished{D-WaveSystemsHomePage,
 Author="{D-Wave Systems}",
 Title="{D-Wave}: The Quantum Computing Company",
 month="March",
 day="13",
 year="2017",
 note="\url{https://www.dwavesys.com/}",
}

@unpublished{WikipediaShorsAlgorithm,
 Author="{Wikipedia Contributors}",
 Title="{Shor's algorithm}",
 month="March",
 day="13",
 year="2017",
 note="\url{https://en.wikipedia.org/wiki/Shor%27s_algorithm}",
}

@unpublished{BradJones2017IBM-QC-Crowder,
 Author="Brad Jones",
 Title="It's the 1940s again: {IBM's} Scott Crowder on the infancy of quantum computers",
 month="March",
 day="13",
 year="2017",
 note="\url{https://www.yahoo.com/tech/1940s-again-ibm-scott-crowder-101551620.html}",
}

@unpublished{TomSimonite2017QC-MS-Chemistry,
 Author="Tom Simonite",
 Title="Chemists Are First in Line for Quantum Computing's Benefits",
 month="March",
 day="17",
 year="2017",
 note="\url{https://www.technologyreview.com/s/603794/chemists-are-first-in-line-for-quantum-computings-benefits/}",
}

@article{PhysRevLett.118.100601,
 title = {Trade-Off Between Speed and Cost in Shortcuts to Adiabaticity},
 author = {Campbell, Steve and Deffner, Sebastian},
 journal = {Phys. Rev. Lett.},
 volume = {118},
 issue = {10},
 pages = {100601},
 numpages = {7},
 year = {2017},
 month = {Mar},
 publisher = {American Physical Society},
 doi = {10.1103/PhysRevLett.118.100601},
 url = {https://link.aps.org/doi/10.1103/PhysRevLett.118.100601},
}

@unpublished{ArsTechnica2017QC-SpeedTradeoffs,
 Author="Chris Lee",
 Title="The route to high-speed quantum computing is paved with error",
 month="April",
 day="3",
 year="2017",
 note="\url{https://arstechnica.com/science/2017/04/the-route-to-high-speed-quantum-computing-is-paved-with-error/}",
}

@unpublished{AbhinavKandala2017QCmolecules,
 Author="Abhinav Kandala and Antonio Mezzacapo and Kristan Temme and Maika Takita and Markus Brink and Jerry M. Chow and Jay M. Gambetta",
 Title="Hardware-efficient Variational Quantum Eigensolver for Small Molecules and Quantum Magnets",
 month="April",
 day="17",
 year="2017",
 note="\url{https://arxiv.org/abs/1704.05018}",
}

@article{GiorgioColangelo2017QC-SpinAngleAmplitude,
 author = "Giorgio Colangelo and Ferran Martin Ciurana and Lorena C. Bianchet and Robert J. Sewell and Morgan W. Mitchell",
 title = "Simultaneous tracking of spin angle and amplitude beyond classical limits",
 journal = {Nature},
 volume = {543},
 number = {},
 year = {2017},
 pages = {525-528},
 doi = {doi:10.1038/nature21434},
 url = {http://www.nature.com/nature/journal/v543/n7646/full/nature21434.html},
 publisher = {Macmillan},
 address = {London UK},
}

@unpublished{StephenChen2017ChinaQC,
 Author="Stephen Chen",
 Title="China hits milestone in developing quantum computer `to eclipse all others'",
 month="May",
 day="3",
 year="2017",
 note="\url{http://www.scmp.com/news/china/policies-politics/article/2092635/chinese-scientists-claim-milestone-developing-quantum}",
}

@article{Chin-wenChou2017ManipulateMolecule,
 author = "Chin-wen Chou and Christoph Kurz and David B. Hume and Philipp N. Plessow and David R. Leibrandt and Dietrich Leibfried",
 title = "Preparation and coherent manipulation of pure quantum states of a single molecular ion",
 journal = {Nature},
 volume = {545},
 number = {},
 year = {2017},
 month ="May",
 day = "10",
 pages = {203--207},
 doi = {doi:10.1038/nature22338},
 url = {https://www.nature.com/nature/journal/v545/n7653/full/nature22338.html},
 publisher = {Macmillan},
 address = {London UK},
}

@inproceedings{HenryCorriganGibbs2017QCOS,
 author = {Henry Corrigan-Gibbs and David J. Wu and Dan Boneh},
 title = {Quantum Operating Systems},
 booktitle = {17th Workshop on Hot Topics in Operating Systems, HotOS XVI, Whistler, BC, Canada, May 7-10, 2017},
 year = {2017},
 month = {May},
 day = {7-10},
 url = {https://www.henrycg.com/files/academic/papers/hotos17quantum.pdf},
}

@unpublished{RachelCourtland2017GoogleQC,
 Author="Rachel Courtland",
 Title="Google Plans to Demonstrate the Supremacy of Quantum Computing",
 month="May",
 day="24",
 year="2017",
 note="\url{https://spectrum.ieee.org/computing/hardware/google-plans-to-demonstrate-the-supremacy-of-quantum-computing}",
}

@unpublished{WikipediaChipScaleAtomicClock,
 Author="{Wikipedia Contributors}",
 Title="{Chip-scale atomic clock}",
 month="July",
 day="22",
 year="2017",
 note="\url{https://en.wikipedia.org/wiki/Chip-scale_atomic_clock}",
}

@unpublished{TaliaGershon2017QuantumVolume,
 Author="Talia Gershon",
 Title="Increase your quantum {IQ}",
 month="July",
 day="31",
 year="2017",
 note="\url{https://www.ibm.com/blogs/research/2017/07/increase-quantum-iq/}",
}

@techreport{TFWatson2017SiliconQubit,
 author = "T. F. Watson and S. G. J. Philips and E. Kawakami and D. R. Ward and P. Scarlino and M. Veldhorst and D. E. Savage and M. G. Lagally and Mark Friesen and S. N. Coppersmith and M. A. Eriksson and L. M. K. Vandersypen",
 title = "A programmable two-qubit quantum processor in silicon",
 month="August",
 day="14",
 year="2017",
 institution="Cornell University Library",
 note="\url{https://arxiv.org/pdf/1708.04214.pdf}",
}

@article{ZoharRingel2017QuantizedGravityHall,
 author = "Zohar Ringel and Dmitry L. Kovrizhin",
 title = "Quantized gravitational responses, the sign problem, and quantum complexity",
 journal = {Science Advances},
 volume = {3},
 number = {9},
 year = {2017},
 month ="September",
 day = "27",
 pages = {8},
 doi = {DOI: 10.1126/sciadv.1701758},
 url = {http://advances.sciencemag.org/content/3/9/e1701758.full},
 publisher = {American Association for the Advancement of Science},
 address = {Washington, DC USA},
}

@unpublished{RichardChirwin2017ThermalHallConductance,
 Author="Richard Chirgwin",
 Title="Forget the `simulated universe', say boffins, no simulator could hit the required scale",
 month="October",
 day="3",
 year="2017",
 note="\url{https://www.theregister.co.uk/2017/10/03/forget_the_simulated_universe_say_boffins/}",
}

@unpublished{NobelPrizeChemistry2017,
 Author="{Royal Swedish Academy of Sciences}",
 Title="Press Release: The {Nobel} {Prize} in {Chemistry} 2017: {Cool} microscope technology revolutionises biochemistry",
 month="October",
 day="4",
 year="2017",
 note="\url{https://www.nobelprize.org/nobel_prizes/chemistry/laureates/2017/press.html}",
}

@unpublished{JohnTimmer2017ChemistryNobel,
 Author="John Timmer",
 Title="Algorithm designer among those honored with the Chemistry Nobel",
 month="October",
 day="5",
 year="2017",
 note="\url{https://arstechnica.com/science/2017/10/algorithm-designer-among-those-honored-with-the-chemistry-nobel/}",
}

@unpublished{Intel2017delivers17qubit,
 Author="Intel Corporation",
 Title="Intel Delivers 17-Qubit Superconducting Chip with Advanced Packaging to QuTech",
 month="October",
 day="10",
 year="2017",
 note="\url{https://newsroom.intel.com/news/intel-delivers-17-qubit-superconducting-chip-advanced-packaging-qutech/}",
}

@unpublished{ScottAaronson2017IBM50qubitSim,
 Author="Scott Aaronson",
 Title="2\textasciicircum{n} is exponential, but 2\textasciicircum{50} is finite",
 month="October",
 day="23",
 year="2017",
 note="\url{https://www.scottaaronson.com/blog/?p=3512}",
}

@unpublished{RichardChirgwin2017GoogleQC,
 Author="Richard Chirgwin",
 Title="Google: We don't have a quantum computer yet, but we have a compiler",
 month="October",
 day="24",
 year="2017",
 note="\url{https://www.theregister.co.uk/2017/10/24/google_we_dont_have_a_quantum_computer_yet_but_we_have_a_compiler/}",
}

@unpublished{WillKnight2017IBM50qubitSim,
 Author="Will Knight",
 Title="New Twists in the Road to Quantum Supremacy",
 month="October",
 day="25",
 year="2017",
 note="\url{https://www.technologyreview.com/s/609193/new-twists-in-the-road-to-quantum-supremacy/}",
}

@techreport{CFOckeloen-Korppi2017MassiveEntanglement,
 author = "C. F. Ockeloen-Korppi and E. Damskagg and J.-M. Pirkkalainen and A. A. Clerk and F. Massel and M. J. Woolley and M. A. Sillanpaa",
 title = "Entangled massive mechanical oscillators",
 month="November",
 day="5",
 year="2017",
 institution="Cornell University Library",
 note="\url{https://arxiv.org/abs/1711.01640}",
}

@unpublished{WillKnight2017IBM50qubits,
 Author="Will Knight",
 Title="IBM Raises the Bar with a 50-Qubit Quantum Computer",
 month="November",
 day="10",
 year="2017",
 note="\url{https://www.technologyreview.com/s/609451/ibm-raises-the-bar-with-a-50-qubit-quantum-computer/}",
}

@unpublished{KyriakosPorfyrakis2017BuckyballAtomicClock,
 Author="Kyriakos Porfyrakis and Edward A. Laird",
 Title="Keeping perfect time with caged atoms",
 month="November",
 day="34",
 year="2017",
 note="\url{https://spectrum.ieee.org/semiconductors/materials/to-build-the-worlds-smallest-atomic-clock-trap-a-nitrogen-atom-in-a-carbon-cage}",
}

@unpublished{JohnPreskill2018NISQ,
 Author="John Preskill",
 Title="Quantum Computing in the NISQ era and beyond",
 month="January",
 day="2",
 year="2018",
 note="\url{https://arxiv.org/abs/1801.00862}",
}

@unpublished{NickSummers2018IBM50qubitsCES,
 Author="Nick Summers",
 Title="This is what a 50-qubit quantum computer looks like",
 month="January",
 day="9",
 year="2018",
 note="\url{https://www.engadget.com/2018/01/09/this-is-what-a-50-qubit-quantum-computer-looks-like/#/}",
}

@unpublished{JeremyHsu2018Intel50qubitsCES,
 Author="Jeremy Hsu",
 Title="CES 2018: Intel's 49-Qubit Chip Shoots for Quantum Supremacy",
 month="January",
 day="9",
 year="2018",
 note="\url{https://spectrum.ieee.org/tech-talk/computing/hardware/intels-49qubit-chip-aims-for-quantum-supremacy}",
}

@unpublished{ScottAaronson2018QuantumInterp,
 Author="Scott Aaronson",
 Title="Interpretive cards (MWI, Bohm, Copenhagen: collect 'em all)",
 month="February",
 day="3",
 year="2018",
 note="\url{https://www.scottaaronson.com/blog/?p=3628}",
}

@unpublished{RyanFMandelbaum2018IntelQC,
 Author="Ryan F. Mandelbaum",
 Title="New Silicon Chip-Based Quantum Computer Passes Major Test",
 month="February",
 day="14",
 year="2018",
 note="\url{https://gizmodo.com/new-silicon-chip-based-quantum-computer-passes-major-te-1822996512}",
}

@unpublished{IBMResearch2018QuantumVolume,
 Author="{IBM Research}",
 Title="A Quantum Computer's power depends on more than just adding qubits",
 month="February",
 day="16",
 year="2018",
 note="\url{https://www.research.ibm.com/ibm-q/resources/quantum-volume.pdf}",

}@unpublished{TheEconomist2018QualityOverQuantity,
 Author="{The Economist}",
 Title="Making quantum computers reliable: Quality over quantity",
 month="February",
 day="22",
 year="2018",
 note="\url{https://www.economist.com/news/science-and-technology/21737246-quality-over-quantity-making-quantum-computers-reliable}",
}

@unpublished{ZenSoo2018AlibabaQC,
 Author="Zen Soo",
 Title="{Alibaba Cloud} steps up its game as it offers quantum computing service",
 month="February",
 day="23",
 year="2018",
 note="\url{http://www.scmp.com/tech/china-tech/article/2134520/alibaba-cloud-steps-its-game-it-offers-quantum-computing-service}",
}

@unpublished{IBMResearch2018QCsystems,
 Author="{IBM Research}",
 Title="IBM Q Devices",
 month="February",
 day="26",
 year="2018",
 note="\url{https://quantumexperience.ng.bluemix.net/qx/devices}",
}

@unpublished{PeterBright2018UsoftTopoQubit,
 Author="Peter Bright",
 Title="Microsoft brings its quantum dev kit to macOS, Linux; new kind of qubit this year",
 month="February",
 day="26",
 year="2018",
 note="\url{https://arstechnica.com/gadgets/2018/02/microsoft-brings-its-quantum-dev-kit-to-macos-linux-new-kind-of-qubit-this-year/?comments=1}",
}

@unpublished{WikipediaTopologicalQuantumComputer,
 Author="{Wikipedia Contributors}",
 Title="{Topological quantum computer}",
 month="February",
 day="26",
 year="2018",
 note="\url{https://en.wikipedia.org/wiki/Topological_quantum_computer}",
}

@unpublished{Rigetti2018QC,
 Author="Rigetti",
 Title="Rigetti {Computing} Introduces {Forest}",
 month="February",
 day="26",
 year="2018",
 note="\url{https://www.rigetti.com/forest}",
}

@unpublished{JohnBoyd2018ClassicalAnneal,
 Author="Johhn Boyd",
 Title="Fujitsu's {CMOS Digital Annealer} Produces Quantum Computer Speeds",
 month="May",
 day="30",
 year="2018",
 note="\url{https://spectrum.ieee.org/tech-talk/computing/hardware/fujitsus-cmos-digital-annealer-produces-quantum-computer-speeds}",
}
