

@Conference{AlanMTuring1937HaltingProblem,
 Author="Alan M. Turing",
 Title="On Computable Numbers, with an Application to the Entscheidungsproblem",
 Booktitle="Proceedings of the London Mathematical Society",
 Year="1937",
 series="2",
 volume="42",
 pages="230-265",
 doi="10.1112/plms/s2-42.1.230",
}

@article{McCarthy:1960:RFS:367177.367199,
 author = {McCarthy, John},
 title = {Recursive Functions of Symbolic Expressions and Their Computation by Machine, Part I},
 journal = {Commun. ACM},
 issue_date = {April 1960},
 volume = {3},
 number = {4},
 month = apr,
 year = {1960},
 issn = {0001-0782},
 pages = {184--195},
 numpages = {12},
 url = {http://doi.acm.org/10.1145/367177.367199},
 doi = {10.1145/367177.367199},
 acmid = {367199},
 publisher = {ACM},
 address = {New York, NY, USA},
}

@article{Dijkstra:1968:LEG:362929.362947,
 author = {Dijkstra, Edsger W.},
 title = {Letters to the Editor: Go to Statement Considered Harmful},
 journal = {Commun. ACM},
 issue_date = {March 1968},
 volume = {11},
 number = {3},
 month = mar,
 year = {1968},
 issn = {0001-0782},
 pages = {147--148},
 numpages = {2},
 url = {http://doi.acm.org/10.1145/362929.362947},
 doi = {10.1145/362929.362947},
 acmid = {362947},
 publisher = {ACM},
 address = {New York, NY, USA},
 keywords = {alternative clause, branch instruction, conditional clause, go to statement, jump instruction, program intelligibility, program sequencing, repetitive clause},
}

@Conference{Abramson70,
 Author =  "N. Abramson",
 Title = "The {ALOHA} System--Another Alternative for Computer Communications",
 Booktitle = "{AFIPS} Conference Proceedings",
 Year = "1970",
}

@book{Weizenbaum:1976:CPH:540249,
 author = {Weizenbaum, Joseph},
 title = {Computer Power and Human Reason: From Judgment to Calculation},
 year = {1976},
 isbn = {0716704641},
 publisher = {W. H. Freeman \& Co.},
 address = {New York, NY, USA},
}

@unpublished{KeithRSpitz1977,
 author="Keith R. Spitz",
 title="Tell which is which and you'll be rich",
 year="1977",
 note="Inscription on wall of dungeon",
}

@article{GeoffreyKPullum2000HaltingProblem,
 author="Geoffrey K. Pullum",
 title="How {Dr. Seuss} would prove the halting problem undecidable",
 journal="Mathematics Magazine",
 year="2000",
 volume="73",
 number="4",
 pages="319-320",
 note="\url{http://www.lel.ed.ac.uk/~gpullum/loopsnoop.html}",
}

@unpublished{VanJacobson,
 author="Van Jacobson",
 title="Dynamic Congestion Avoidance",
 year="1988",
 month="February",
 day="12",
 note="Message-ID 8802120617.AA20586@lbl-csam.arpa to tcp-ip list",
}

@Conference{VanJacobson88,
 Author =  "Van Jacobson",
 Title = "Congestion Avoidance and Control",
 Booktitle = "{SIGCOMM '88}",
 Month = "August",
 Year = "1988",
 pages="314-329",
 doi="10.1145/52324.52356",
}

@techreport{Jain,
 author="Raj Jain and K.K. Ramakrishnan",
 title="Congestion Avoidance in Computer Networks With a Connectionless
Network Layer",
 institution="Digital Equipment Corporation",
 address="Maynard, Massachusetts",
 year="1987",
 number="DEC-TR-506",
 month="August",
 pages="16",
}

@Book{BERT-87,
 Author="Bertsekas, D.  and Gallager, R. ",
 title="Data Networks",
 Publisher="Prentice-Hall, Inc.",
 Year="1987",
}

@Conference{Zavgren88a,
 Author =  "J. Zavgren",
 Title = "Congestion Control in the {DDN} with Applications to {SURAN}",
 Booktitle = "{SURAN} Working Group Meeting",
 Address = "Menlo Park, California",
 Month = "February",
 Year = "1988",
}

@Conference{Zavgren88b,
 Author =  "J. Zavgren",
 Title = "Congestion Control and Channel Access in {SURAN}",
 Booktitle = "{SURAN} Working Group Meeting",
 Address = "Boston, Massachusetts",
 Month = "May",
 Year = "1988",
}

@Conference{McKOgi88a,
 Author =  "P.E. McKenney and R. Ogier",
 Title = "Max-min Flow Control Algorithms",
 Booktitle = "{SURAN} Working Group Meeting",
 Address = "Boston, Massachusetts",
 Month = "May",
 Year = "1988",
}

@techreport{RFC1016,
 author="W. Prue and J. Postel",
 Title="Something a Host Could Do With Source Quench:
The Source Quench Introduced Delay (SQuID)",
 Institution="Network Information Center, SRI International",
 Year="1987",
 Month="July",
 Number="RFC1016",
}

@article{Fernow83,
 author="James P. Fernow and Mohamed L. El-Sayed",
 title="Stability of Adaptive Congestion Controls in Packet Networks",
 Year="1983",
 journal="IEEE",
}

@techreport{Stevens86,
 author="Jim Stevens",
 Title="Transaction Transport Protocol",
 Institution="Rockwell International",
 Year="1986",
 Month="November",
 Number="RFCxxxx",
}

@Book{Cannon67,
 Author="Robert H. Cannon",
 title="Dynamics of Physical Systems",
 Publisher="McGraw-Hill",
 Year="1967",
}

@article{Nagle87,
 author="John Nagle",
 Title="On Packet Switches with Infinite Storage",
 Year="1987",
 Month="March",
 pages="435-438",
 Journal="IEEE Transactions on Communications",
}

@techreport{RFC970,
 author="John Nagle",
 Title="On Packet Switches with Infinite Storage",
 Institution="Network Information Center, SRI International",
 Year="1985",
 Month="December",
 Number="RFC970",
}

@article{Fifer87,
 author="William C. Fifer and Frederick J. Bruno",
 title="The Low-Cost Packet Radio",
 Year="1987",
 Month="January",
 journal="Proceedings of the IEEE",
 volume="75",
 pages="33-42",
}

@article{Jubin87,
 author="John Jubin and Janet D. Tornow",
 title="The {DARPA} Packet Radio Network Protocols",
 Year="1987",
 Month="January",
 journal="Proceedings of the IEEE",
 volume="75",
 pages="21-32",
}

@Book{Malek-Z87,
 Author="Manu Malek-Zavarei and Mohammad Jamshidi",
 title="Time-Delay Systems",
 Publisher="North-Holland",
 Year="1987",
}

@article{DWClarke88,
 author="David W. Clarke",
 title="Application of Generalized Predictive Control to Industrial Processes",
 Year="1988",
 Month="April",
 journal="IEEE Control Systems Magazine",
}

@article{Al-Assadi87,
 author="Salem A. K. Al-Assadi and Lamya A. M. Al-Chalabi",
 title="Optimal Gain for Proportional-Integral-Derivative Feedback",
 Year="1987",
 Month="December",
 journal="IEEE Control Systems Magazine",
}

@techreport{Hayden81,
 author="H. Hayden",
 Title="Voice Flow Control in Integrated Packet Networks",
 Institution="MIT Laboratory for Information and Decision Systems",
 Year="1981",
 Number="LIDS-TH-1152",
}

@article{Vlack88,
 author="D. Vlack",
 title="Packet vs. Circuit Switching in Future {ISDN} and Broadband
{ISDN} Networks",
 Year="1988",
 journal="IEEE",
}

@article{Turner88,
 author="Jonathan S. Turner",
 title="Packet Switching is Better for Diverse Applications",
 Year="1988",
 journal="IEEE",
}

@article{Woodside83,
 author="C. M. Woodside",
 title="An Incremental Capacity-Allocation Algorithm for Voice/Data Networks",
 Year="1983",
 Month="September",
 journal="IEEE Transactions on Communications",
}

@article{Fischer76,
 author="M. J. Fischer and T. C. Harris",
 title="A Model for Evaluating the Performance of an Integrated Circuit- and
Packet-Switch Multiplex Structure",
 Year="1976",
 Month="February",
 journal="IEEE Transactions on Communications",
}

@article{Kummerle76,
 author="C. J. Jenny and K. Kummerle",
 title="Distributed Processing Within an Integrated Circuit/Packet Switch Node",
 Year="1976",
 Month="October",
 journal="IEEE Transactions on Communications",
}

@techreport{McKenney88d,
 author="Paul E. McKenney",
 title="Hybrid Circuit/Packet Networks",
 Institution="SRI International",
 Year="1988",
 Number="White Paper",
}

@Book{Kleinrock75,
 Author="Leonard Kleinrock",
 title="Queueing Systems vI",
 Publisher="John Wiley and Sons",
 Year="1975",
 pages="417",
}

@Book{Kleinrock76,
 Author="Leonard Kleinrock",
 title="Queueing Systems vII",
 Publisher="John Wiley and Sons",
 Year="1976",
 pages="547",
}

@Conference{Zavgren88c,
 Author =  "John Zavgren and Josh Cohen and Julio Escobar and Varda Haimo and
Greg Lauer",
 Title = "Receiver-Directed Link-Level Protocols",
 Booktitle = "{SURAN} Working Group Meeting",
 Address = "Richardson, Texas",
 Month = "October",
 Year = "1988",
}

@Conference{Lauer88a,
 Author =  "Gregory Lauer and Julio Escobar and John Zavgren and
Martha Steenstrup",
 Title = "Congestion Control and Channel Access in {SURAN}",
 Booktitle = "{SURAN} Working Group Meeting",
 Address = "Richardson, Texas",
 Month = "October",
 Year = "1988",
}

@Conference{Zavgren88d,
 author="John R. Zavgren and Gregory S. Lauer",
 title="The Performance Improvement from Receiver-Directed Transmissions in
Packet-Radio Networks",
 booktitle="IEEE Tactical Communications Conference",
 Address="Fort Wayne, Indiana",
 Month="May",
 Year="1988",
}

@Conference{McKenney88e,
 author="Paul E. McKenney",
 title="SURAP Characterization",
 booktitle="{SURAN} Working Group Meeting",
 Address="Richardson, Texas",
 Month="October",
 Year="1988",
}

@Article{Brooks87,
 Author="Frederick P. Brooks",
 title="No Silver Bullet: Essence and Accidents of Software Engineering",
 Year="1987",
 Month="April",
 journal="Computer",
}

@Conference{Nielsen88,
 Author =  "Donald Nielsen",
 Title = "{SIGCOMM} '88 Keynote Address",
 Booktitle = "{SIGCOMM88}",
 Month = "August",
 Year = "1988",
}

@techreport{SRNTN61,
 author="Paul E. McKenney",
 title="Congestion Avoidance and Control",
 institution="SRI International",
 year="preparation",
 number="SRNTN61",
 month="In",
 pages="36",
}

@Conference{Carter78,
 Author =  "L. Carter and R.W. Floyd and J. Gill and G. Markowsky and
M.N. Wegman",
 Title = "Exact and Approximate Membership Testers",
 Booktitle = "Proceedings of the 10\textsuperscript{th} Annual
{ACM} Symposium on Theory of Computing",
 Month = "May",
 Year = "1978",
 pages="59-65",
}

@unpublished{SarMcK88,
 author="Jacob N. Sarvela and Paul E. McKenney",
 title="Derivation of Exact Moments for the Dictionary Hash Algorithm",
 year="1988",
 month="December",
 note="In preparation",
}

@unpublished{RWFloyd88a,
 author="R.W. Floyd",
 title="Large-Table-Size Approximations for Set Membership Algorithms",
 year="1988",
 month="November",
 note="Private Correspondence",
}

@article{McKenney88f,
 author="Paul E. McKenney",
 title="High-Speed Event Counting and Classification Using a Dictionary-Hash
Technique",
 Year="1989",
 journal="ICPP '89",
}

@Book{Sedgewick84,
 Author="Robert Sedgewick",
 title="Algorithms",
 Publisher="Addison-Wesley",
 Year="1984",
 pages="551",
}

@Book{Sedgewick88,
 Author="Robert Sedgewick",
 title="Algorithms",
 Publisher="Addison-Wesley",
 Year="1988",
 pages="657",
}

@Conference{Escobar89,
 author="Julio Escobar and Martha Steenstrup and Gregory Lauer",
 title="Congestion Control Details",
 booktitle="{SURAN} Working Group Meeting",
 Address="Menlo Park, CA",
 Month="February",
 Year="1989",
}

@Conference{McKenney89a,
 author="Paul E. McKenney",
 title="SURAP Characterization Test Results",
 booktitle="{SURAN} Working Group Meeting",
 Address="Menlo Park, CA",
 Month="February",
 Year="1989",
}

@Conference{McKenney89b,
 author="Paul E. McKenney",
 title="Local Congestion Detection",
 booktitle="{SURAN} Working Group Meeting",
 Address="Menlo Park, CA",
 Month="February",
 Year="1989",
}

@Book{Knuth73,
 Author="Donald Knuth",
 title="The Art of Computer Programming",
 Publisher="Addison-Wesley",
 Year="1973",
 pages="723",
}

@Book{Bajpai78,
 Author="A.C. Bajpai and I.M. Calus and J.A. Fairley",
 title="Statistical Methods for Engineers and Scientists",
 Publisher="John Wiley",
 Year="1978",
 pages="444",
}

@techreport{RFC854,
 author="J.B. Postel",
 Title="Telnet {Protocol} {Specification}",
 Institution="Network Information Center, SRI International",
 Year="1983",
 Month="May",
 Number="RFC854",
}

@techreport{RFC768,
 author="J.B. Postel",
 Title="User {Datagram} {Protocol}",
 Institution="Network Information Center, SRI International",
 Year="1980",
 Month="August",
 Number="RFC768",
}

@techreport{RFC791,
 author="J.B. Postel",
 Title="Internet {Protocol}",
 Institution="Network Information Center, SRI International",
 Year="1981",
 Month="September",
 Number="RFC791",
}

@techreport{RFC793,
 author="J.B. Postel",
 Title="Transmission {Control} {Protocol}",
 Institution="Network Information Center, SRI International",
 Year="1981",
 Month="September",
 Number="RFC793",
}

@Book{Feller58,
 Author="W. Feller",
 title="An Introduction to Probability Theory and its Applications",
 Publisher="John Wiley",
 Year="1950",
}

@article{Shenker89,
 author="Alan Demers and Srinivasan Keshav and Scott Shenker",
 title="Analysis and Simulation of a Fair Queuing Algorithm",
 Year="1989",
 pages="1-12",
 journal="SIGCOMM '89",
 url="https://www.icsi.berkeley.edu/icsi/node/5171"
}

@techreport{Jain89,
 author="Raj Jain",
 title="A Comparison of Hashing Schemes for Address Lookup in Computer Networks",
 institution="Digital Equipment Corporation",
 year="1989",
 number="DEC-TR-593",
 month="February",
 pages="17",
}

@Book{Graham89,
 Author="Ronald L. Graham and Donald E. Knuth and Oren Patashnik",
 title="Concrete Mathematics",
 Publisher="Addison-Wesley",
 Year="1989",
 pages="625",
}

@techreport{Feldmeier88,
 author="David C. Feldmeier",
 Title="Estimated Performance of a Gateway Routing-Table Cache",
 Institution="MIT Laboratory for Computer Science",
 Month="March",
 Year="1989",
 Number="MIT/LCS/TM-352",
}

@techreport{Davin89,
 author="James R. Davin and Andrew T. Heybey",
 Title="Router Algorithms for Resource Allocation",
 Institution="MIT Laboratory for Computer Science",
 Month="July",
 Year="1989",
 Number="White Paper",
}

@unpublished{Lougheed89,
 author="Kirk Lougheed",
 title="Low-speed Lines Still Heavily Used",
 year="1989",
 month="July",
 day="26",
 note="Informal comments to the IAB Performance and Congestion Control Working Group",
}

@article{Nakassis88,
 author="Anastase Nakassis",
 title="Fletcher's Error Detection Algorithm: How to Implement it Efficiently
and How to Avoid the Most Common Pitfalls",
 Year="1988",
 journal="Computer Communication Review",
}

@article{Turner86,
 author="Jonathan S. Turner",
 title="New Directions in Communications (or Which Way to the Information Age)",
 Year="1986",
 journal="IEEE Communications Magazine",
}

@manual{HDLC,
 title="Data Communication -- High-Level Data Link Control Procedures -- Frame
Structure",
 organization="International Organization for Standardization",
 year="1979",
 number="ISO Standard 3309-1979",
}

@unpublished{Hedrick89a,
 author="Chuck Hedrick",
 title="Protocols Restrict Queue Lengths",
 year="1989",
 month="July",
 day="26",
 note="Informal comments to the IAB Performance and Congestion Control Working Group",
}

@techreport{Partridge89a,
 author="Craig Partridge",
 title="How Slow Is One Gigabit Per Second?",
 institution="BBN Systems and Technology Corporation",
 year="1989",
 number="7080",
 month="June",
 pages="12",
}

@article{Leiner87,
 author="B. Leiner and D. Nielson and F. Tobagi",
 title="Issues in Packet Radio Network Design",
 Year="1987",
 Month="January",
 journal="Proceedings of the IEEE",
 pages="6-20",
 volume="75",
}

@article{Storey89,
 author="J. Storey and F. Tobagi",
 title="Throughput Performance of an Unslotted Direct-Sequence {SSMA} Packet
Radio Network",
 Year="1989",
 Month="August",
 journal="IEEE Transactions on Communications",
 pages="814-823",
 volume="37",
}

@article{Raychaudhuri81,
 author="D. Raychaudhuri",
 title="Performance Analysis of Random Access Packet-Switched Code Division
Multiple Access Systems",
 Year="1981",
 Month="June",
 journal="IEEE Transactions on Communications",
 pages="895-900",
 volume="COM-29",
}

@article{Pursley77,
 author="M. Pursley",
 title="Performance Evaluation for Phase-Coded Spread-Spectrum Multiple-Access
Communication--{Part} {I}: System Analysis",
 Year="1977",
 Month="August",
 journal="IEEE Transactions on Communications",
 pages="759-799",
 volume="COM-25",
}

@article{Pursley87,
 author="M. Pursley",
 title="The Role of Spread Spectrum in Packet Radio Networks",
 Year="1987",
 Month="January",
 journal="Proceedings of the IEEE",
 pages="116-134",
 volume="75",
}

@Book{Sklar88,
 Author="B. Sklar",
 title="Digital Communications, Fundamentals and Applications",
 Publisher="Prentice-Hall, Inc.",
 Year="1988",
 Pages="342",
}

@Book{Press86,
 Author="William H. Press and Brian P. Flannery and Saul A. Teukolsky and
William T. Vetterling",
 title="Numerical Recipes",
 Publisher="Cambridge University Press",
 Year="1986",
 Pages="818",
}

@Book{Blahut84,
 Author="Richard E. Blahut",
 title="Theory and Practice of Error Control Codes",
 Publisher="Addison-Wesley",
 Year="1984",
}

@article{Tobagi78,
 author="Fouad A. Tobagi and Leonard Kleinrock",
 title="The Effect of Acknowledgment Traffic on the Capacity of Packet-Switched
Radio Channels",
 Year="1981",
 Month="June",
 journal="IEEE Transactions on Communications",
 pages="895-900",
 volume="COM-29",
}

@techreport{McKenney89c,
 author="Paul E. McKenney",
 title="Stochastic Fairness Queuing",
 institution="SRI International",
 address="Menlo Park, CA",
 year="1990",
 number="ITSTD-7186-PA-89-11",
 month="March",
 pages="8",
 note="To appear in INFOCOM'90",
}

@phdthesis{ZhangPhD,
 author="Lixia Zhang",
 title="A New Architecture for Packet Switching Network Protocols",
 school="Massachusetts Institute of Technology",
 year="1989",
 month="July",
 url="http://hdl.handle.net/1721.1/14184",
}

@unpublished{Parulkar89a,
 author="Gurudatta Parulkar",
 title="{ATM} and Connection-based Protocols",
 year="1989",
 month="November",
 day="2",
 note="Presentation at IETF COIP Working Group",
}

@unpublished{PERFCC89,
 author="Performance and Congestion Control Working Group,
Internet Engineering Task Force",
 title="Gateway Congestion Control Policies",
 year="1989",
 month="January",
 note="Draft",
}

@unpublished{Nagle89,
 author="John Nagle",
 title="Re: Stochastic Fairness Queueing",
 year="1989",
 month="August",
 note="Electronic mail message ``8908291526.AA00353@well.UUCP''",
}

@techreport{Keshav89,
 author="Srinivasan Keshav",
 title="{REAL} Manuals",
 institution="University of California at Berkeley",
 year="1989",
 number="UCB/TR/89/530",
}

@unpublished{Braden89,
 author="Robert Braden and others",
 title="{DRI} Gateway Choice",
 year="1989",
 month="November",
 note="Message-ID 8911101746.AA07151@braden.isi.edu to internet-testbed list
and subsequent replies",
}

@techreport{RFC1071,
 author="R. T. Braden and D. A. Borman and C. Partridge",
 Title="Computing the {Internet} Checksum",
 Institution="Network Information Center, SRI International",
 Year="1988",
 Month="September",
 Number="RFC1071",
}

@techreport{Mills88,
 author="D. Mills",
 Title="Network Time Protocol (Version 1) Specification and Implementation",
 Institution="Network Information Center, SRI International",
 Year="1988",
 Month="July",
 Number="RFC1059",
}

@conference{Shacham90a,
 author="Nachum Shacham and Paul E. McKenney",
 title="Packet Recovery in High-Speed Networks Using Coding and Buffer
Management",
 year="1990",
 month="June",
 booktitle="IEEE INFOCOM'90 Proceedings",
 publisher="The Institute of Electrical and Electronics Engineers, Inc.",
 address="San Francisco",
}

@manual{AF700-9,
 title="Information Systems Standards",
 editor="Pam McMahon",
 organization="Department of the Air Force",
 address="Washington DC 20330-500",
 month="March",
 year="1985",
}


@techreport{Robbins85,
 author="Arnold Robbins and Jeff Lee",
 title="YACC Grammar for ANSI C",
 institution="USENET comp.sources.unix",
 year="1985",
 number="Volume 1, ``ansi.c''",
 month="May",
}

@Book{Date82,
 Author="C. J. Date",
 title="An Introduction to Database Systems",
 Publisher="Addison-Wesley Publishing Company",
 Volume="1",
 Pages="574",
 Year="1982",
}

@techreport{Callon87,
 author="Ross Callon",
 title="A Comparison of ``Link State'' and ``Distance Vector'' Routing
Algorithms",
 institution="BBN CC",
 address="Cambridge, MA",
 year="1987",
 number="Internet Draft 002",
 month="November",
 pages="7",
}

@article{Robinson90,
 author="John Robinson and Dan Friedman and Martha Steenstrup",
 title="Congestion Control in {BBN} Packet-Switched Networks",
 Year="1990",
 Month="January",
 journal="Computer Communications Review",
 volume="20",
 number="1",
 pages="76-90",
}

@article{Parulkar90,
 author="Gurudatta M. Parulkar",
 title="The Next Generation of Internetworking",
 Year="1990",
 Month="January",
 journal="Computer Communications Review",
 volume="20",
 number="1",
 pages="18-43",
}

@techreport{2167a,
 author="SPAWAR",
 title="Defense System Software Development",
 institution="Department of Defense",
 address="Washington, DC",
 year="1988",
 number="DOD-STD-2167A",
 month="February",
}

@Conference{Golestani90,
 author="S. Jamaloddin Golestani",
 title="Congestion-Free Transmission of Real-Time Traffic in Packet Networks",
 institution="Bell Communications Research",
 address="445 South Street, Morristown, NJ 07960/1910",
 year="1990",
 month="June",
 pages="10",
 booktitle="INFOCOM'90",
}

@article{Lorence90,
 author="Mark J. Lorence and M. Satyanarayanan",
 title="{IPwatch}:  A Tool for Monitoring Network Locality",
 Year="1990",
 Month="January",
 journal="Operating Systems Review",
 volume="24",
 number="1",
 pages="58-80",
}

@techreport{Ferrari89,
 author="Domenico Ferrari",
 title="Real-Time Communication in Packet-Switching Wide-Area Networks",
 institution="International Computer Science Institute",
 address="Berkeley, CA",
 year="1989",
 number="TR-89-022",
}

@unpublished{Hahne90,
 author="E. L. Hahne and C. R. Kamanek and S. P. Morgan",
 title="Fairness and Congestion Control on a Large {ATM} Data Network",
 year="1990",
 month="January",
 day="3",
 note="ATT Bell Laboratories paper",
 pages="7",
}

@unpublished{Keshav90,
 author="Srinivasan Keshav",
 title="Efficient Implementation of Fair Queuing",
 year="1990",
 month="February",
 day="12",
 institution="Computer Systems Research Group,
Computer Science Division,
Department of EECS,
University of California, Berkeley",
 note="DRAFT",
 pages="19",
}

@techreport{Parulkar89,
 author="Tony Y. Mazraani and Gurudatta M. Parulkar",
 title="Specification of a Multipoint Congram-oriented High Performance
Internet Protocol",
 institution="Washington University",
 address="Saint Louis, Missouri",
 year="1989",
 number="WUCS-89-20",
 month="September",
 pages="32",
}

@unpublished{COIPdoc,
 author="COIP Working Group",
 title="{ST-II} Specification",
 year="1990",
 month="April",
 note="Working document for IETF COIP Working Group",
}

@techreport{Comer89,
 author="Douglas E. Comer and Rajendra Yavatkar",
 title="FLOWS: Performance Guarantees in Best Effort Delivery Systems",
 institution="Purdue University",
 address="West Lafayette, Indiana",
 year="1988",
 number="CSD-TR-791",
 month="July",
 pages="27",
}

@conference{Clapp90a,
 author="George H. Clapp",
 title="Switched Multi-megabit Data Service, Metropolitan Area Networks, and
Broadband {ISDN}",
 Year="1990",
 Month="April",
 booktitle="IETF Meeting Minutes",
 address="Pittsburg",
}

@conference{Jossman90,
 author="Paul R. Jossman and Edward N. Schiebel and Jere C. Shank",
 title="Climbing the C++ Learning Curve",
 Year="1990",
 Month="April",
 booktitle="USENIX C++ Conference Proceedings",
 publisher="USENIX Association",
 address="San Francisco",
 pages="11-23",
}

@conference{Wang90,
 author="Zheng Wang and Jon Crowcroft",
 title="Shortest Path First with Emergency Exits",
 Year="1990",
 Month="June",
 booktitle="To appear in SIGCOMM'90",
 address="London",
 pages="11",
}

@conference{Richer90,
 author="Ira Richer",
 title="Gigabit Network Applications",
 Year="1990",
 Month="June",
 booktitle="IEEE INFOCOM'90 Proceedings",
 publisher="The Institute of Electrical and Electronics Engineers, Inc.",
 address="San Francisco",
}

@conference{McKenney90,
 author="Paul E. McKenney",
 title="Stochastic Fairness Queuing",
 Year="1990",
 Month="June",
 booktitle="IEEE INFOCOM'90 Proceedings",
 publisher="The Institute of Electrical and Electronics Engineers, Inc.",
 address="San Francisco",
 pages="733-740",
 doi="10.1109/INFCOM.1990.91316",
 note="Revision available:
\url{http://www.rdrop.com/users/paulmck/scalability/paper/sfq.2002.06.04.pdf}
[Viewed May 26, 2008]",
}

@unpublished{PaulMcKenney1990SFQtechreport,
 author="Paul E. McKenney",
 title="Stochastic Fairness Queuing",
 year="1990",
 month="March",
 day="25",
 note="Technical Report paulmck.1990.03.25a",
 address = {Beaverton, OR, USA},
}


@techreport{Ogier90,
 author="R.G. Ogier and V. Rutenburg",
 title="Minimum Expected Delay Alternate Routing in Unreliable Networks",
 institution="SRI International",
 address="Menlo Park, CA",
 year="1990",
 number="ITSTD-8558-PA-90-18",
 month="July",
 note="In Preparation",
}

@Article{BeO90,
Author = "D.A. Beyer and R.G. Ogier",
Title = "Tabu Learning for Neural Network Optimization",
Journal = "Submitted for publication",
year="1990",
}

@conference{OgB90,
Author = "R.G. Ogier and D.A. Beyer",
Title = "Neural Network Solution of the Link Scheduling Problem using Convex Relaxation",
Booktitle = "Proc. IEEE GLOBECOM (to appear)",
publisher="The Institute of Electrical and Electronics Engineers, Inc.",
address = "San Diego, CA",
year="1990",
}

@book{WeH89,
Author = "D. de Werra and A. Hertz",
Title = "Tabu Search Techniques:  A Tutorial and an Application to Neural
Networks",
Year = "1989",
Publisher = "Ecole Polytechnique Federale de Lausanne, Departement de
Mathematiques Chaire de Recherche Operationelle, CH-1015, ORWP 89/02"}


@Article{OgR90,
Author = "R.G. Ogier and V. Rutenburg",
Title = "Minimum Expected Delay Alternate Routing in
Unreliable Networks",
Journal = "Submitted for publication",
year="1990",
}


@conference{KrH90,
 Author = "A. Krishna and B. Hajek",
 Title = "Performance of Shuffle-Like Switching Networks
with Deflection",
 Booktitle = "Proc. IEEE INFOCOM",
 publisher="The Institute of Electrical and Electronics Engineers, Inc.",
 address = "San Francisco, CA",
 year="1990",
}

@techreport{Hahne86,
 author="E. Hahne",
 title="Round Robin Scheduling for Fair Flow Control in Data Communications
Networks",
 institution="Laboratory for Information and Decision Systems, Massachusetts
Institute of Technology",
 address="Cambridge, Massachusetts",
 year="1986",
 number="LIDS-TH-1631",
 month="December",
}

@unpublished{Mankin90,
 author="A. Mankin and K.K. Ramakrishnan",
 title="Gateway Congestion Control Survey",
 year="1990",
 month="June",
 note="Working document for IETF Congestion Control Working Group",
}

@book{Hillier86,
 Author = "Frederick S. Hillier and Gerald J. Lieberman",
 Title = "Introduction to Operations Research",
 Year = "1986",
 Publisher = "Holden-Day",
}

@Book{Comer91,
 Author="Douglas Comer",
 title="Internetworking with {TCP/IP}",
 Publisher="Prentice Hall",
 Year="1991",
}

@Book{Brooks79,
 Author="Frederick P. Brooks, Jr.",
 title="The Mythical Man-Month",
 Publisher="Addison-Wesley",
 Year="1979",
}

@article{McKenney91,
 author="Paul E. McKenney",
 title="Stochastic Fairness Queuing",
 Year="1991",
 Volume="2",
 Pages="113-131",
 Journal="Internetworking: Theory and Experience",
}

@Book{Gray91,
 Author="Jim Gray",
 title="The Benchmark Handbook for Database and Transaction Processing Systems",
 Publisher="Morgan Kaufmann",
 Year="1991",
 pages="334",
}

@conference{Mogul91,
 author="Jeffrey C. Mogul",
 title="Network Locality at the Scale of Processes",
 year="1991",
 month="September",
 booktitle="Proceeding of SIGCOMM '91",
 address="Zurich",
}

@techreport{Mills89,
 author="D. Mills",
 Title="Internet Time Synchronization: The Network Time Protocol",
 Institution="Network Information Center, SRI International",
 Year="1989",
 Month="October",
 Number="RFC1129",
}

@techreport{Topolcic90,
 author="Claudio Topolcic",
 Title="Experimental Internet Stream Protocol: Version 2 (ST-II)",
 Institution="Network Information Center, SRI International",
 Year="1990",
 Month="October",
 Number="RFC1190",
}

@unpublished{PinkPartridge91,
 author="Craig Partridge and Stephen Pink",
 title="A Faster {UDP}",
 year="1991",
 month="August",
 day="7",
 note="Swedish Institute of Computer Science Tecnical Report",
}

@article{Jain86,
 author="Raj Jain and Shawn Routhier",
 Title="Packet Trains--Measurements
	and a New Model for Computer Network Traffic",
 Year="1986",
 Month="September",
 pages="986-995",
 Journal="IEEE Journal on Selected Areas in Communications",
 Volume="SAC-4",
 Number="6",
}

@Conference{Feldmeier90,
 author="David C. Feldmeier",
 Title="Multiplexing Issues in Communication System Design",
 Booktitle="{SIGCOMM} '90 Symposium",
 Address = "Philadelphia, PA",
 Month="September",
 Year="1990",
 pages="209-219",
}

@Misc{Webster57,
 title="Webster's New World Dictionary of the {American} Language",
 howpublished="The World Publishing Company",
 Year="1957",
 key="Webster",
}

@article{Metcalfe76,
 author="R. Metcalfe and D. Boggs",
 title="Ethernet: Distributed Packet Switching for Local Computer Networks",
 year="1976",
 month="July",
 journal="Communications of the ACM",
 volume="19",
 number="7",
}

@Book{Conover80,
 author="W. J. Conover",
 Title="Practical Nonparametric Statistics, 2ed",
 Publisher="John Wiley \& Sons",
 Month="New York",
 Year="1980",
}

@article{Collins60a,
 author="G. E. Collins",
 title="A Method for Overlapping and Erasure of Lists",
 year="1960",
 month="December",
 journal="Communications of the ACM",
 volume="3",
 number="12",
 pages="655--657",
}

@book{StephenJayGould1983WhatIsZebra,
 author="Stephen Jay Gould",
 title="Hen's Teeth And Horse's Toes: Further Reflections I",
 year="1983",
 publisher="W.W. Norton \& Co, Inc.",
}

@article{ThomasEHamer1994SparredOwls,
 author="Thomas E. Hamer and Eric D. Formeman and A. D. Fuchs and M. L. Walters",
 title="Hybridization Between Barred and Spotted Owls",
 year="1994",
 month="April",
 journal="The Auk",
 volume="111",
 number="2",
 pages="487--492",
}

@book{ThomasHCorman2001Algorithms,
 title={Introduction to Algorithms, Second Edition},
 author={Cormen, T.H. and Leiserson, C.E. and Rivest, R.L. and Stein, C.},
 isbn={9780262531962},
 lccn={01031277},
 series={MIT electrical engineering and computer science series},
 url={http://books.google.com/books?id=wHHDQgAACAAJ},
 year={2001},
 publisher={MIT Press},
}

@article{JohnIonnidis2005FalseFindings,
 author="John P. A. Ioannidis",
 title="Why Most Published Research Findings Are False",
 year="2005",
 month="August",
 day="30",
 journal="PLoS Medicine",
 volume="2",
 number="8",
 pages="e124",
 note="Available:
\url{http://medicine.plosjournals.org/perlserv?request=get-document&doi=10.1371/journal.pmed.0020124}
[Viewed April 1, 2008]",
}

@article{JakubKurzak2007MixedPrecision,
 author = "Jakub Kurzak and Jack Dongarra",
 title = "Implementation of mixed precision in solving systems of linear equations on the Cell processor",
 journal = {Concurrency Computat.: Pract. Exper.},
 volume = {19},
 year = {2007},
 pages = {1371--1385},
 url = {http://onlinelibrary.wiley.com/doi/10.1002/cpe.1164/full},
 doi = {10.1002/cpe.1164},
 publisher = {John Wiley \& Sons, Ltd.},
 address = {West Sussex, UK},
}

@Book{Swetz1987CapitalismAndArithmetic,
 Author="Frank J. Swetz",
 title="Capitalism \& Arithmetic: The New Math of the 15\textsuperscript{th} Century",
 Publisher="Open Court",
 Year="1987",
}

@Book{NassimTaleb2007BlackSwan,
 Author="Nassim Nicholas Taleb",
 title="The Black Swan",
 Publisher="Random House",
 Year="2007",
}

@unpublished{RichardMorris2007TonyHoareInterview,
 author="Richard Morris",
 title="Sir {Tony} {Hoare}: {Geek} of the Week",
 year="2007",
 month="August",
 day="18",
 note={\url{https://www.red-gate.com/simple-talk/opinion/geek-of-the-week/sir-tony-hoare-geek-of-the-week/}},
}

@article{Nichols:2012:CQD:2209249.2209264,
 author = {Nichols, Kathleen and Jacobson, Van},
 title = {Controlling queue delay},
 journal = {Commun. ACM},
 issue_date = {July 2012},
 volume = {55},
 number = {7},
 month = jul,
 year = {2012},
 issn = {0001-0782},
 pages = {42--50},
 numpages = {9},
 url = {http://doi.acm.org/10.1145/2209249.2209264},
 doi = {10.1145/2209249.2209264},
 acmid = {2209264},
 publisher = {ACM},
 address = {New York, NY, USA},
}

@unpublished{VanJacobson2012CoDelIETF,
 author="Kathleen Nichols and Van Jacobson",
 title="{CoDel}",
 year="2012",
 month="July",
 day="30",
 note="IETF-84 Transport Area Open Meeting",
 address = {Vancouver, Canada},
}

@unpublished{EricDumazet2012FQCoDel,
 author="Eric Dumazet",
 title="{CoDel} and {FQ} {CoDel}",
 year="2012",
 month="August",
 day="30",
 note="Linux Plumbers Conference Networking Micro-Conference",
 address = {San Diego, CA, USA},
}

@unpublished{DaveTaht2012FQCodelRehash,
 author="Dave Taht",
 title="{FQ} CoDel With Rehashing Performs Poorly",
 year="2012",
 month="November",
 day="1",
 note="Verbal communication during Linaro Connect",
 address = {Copenhagen, Denmark},
}

@unpublished{MartinThompson2014MechanicalSympathy,
 author="Martin Thompson",
 title="Mechanical Sympathy Blog",
 year="2014",
 month="May",
 day="5",
 note="\url{https://mechanical-sympathy.blogspot.de/}",
}
